2626 4048
213 89 317 149 390
475 109 620 148 tini-:n
658 110 722 147 m.
759 122 788 134 -
819 107 991 147 vitaer.
1033 107 1130 145 vm
1169 106 1232 146 ns·
1267 106 1631 147 courum-iaus
1664 75 1913 147 caenosis
1940 104 1992 147 m
2026 52 2229 148 specie
2240 159 2242 161 Ι
2228 77 2319 116 '⁴²
2342 100 2348 110 ⁴
2371 95 2422 147 ‘2

214 194 439 249 duntur
492 195 660 262 prout
707 191 880 246 initio
920 190 1214 253 convenit,
1256 205 1427 246 secus
1482 206 1582 260 pro
1622 189 1912 264 rata(39).
1950 189 2222 256 Domum.
2262 162 2482 264 quoad

215 282 440 343 tertios,
483 296 634 351 quae
674 295 710 334 a
751 280 1115 334 mandatario
1157 278 1458 335 societatis
1499 278 1732 335 nomine
1772 280 1947 348 gesta
1986 283 2141 347 sunt,
2162 279 2462 353 siquidem
2622 356 2626 358 ,

214 374 515 438 incr-aflues
545 369 801 423 mandati
810 369 1072 437 ,perinde
1102 369 1215 423 erit
1243 384 1313 424 ac
1341 369 1389 424 si
1419 384 1550 423 cum
1592 367 1845 438 singulis
1885 369 2060 425 sociis
2098 373 2335 440 gestum
2366 386 2457 429 es·
2524 448 2527 449 ⁷
2590 382 2613 447 ζ,

216 463 333 521 set;
377 460 466 512 sin
508 465 710 528 praeter
736 461 987 525 εοεχῐηεε,
1021 458 1261 528 perinde
1290 474 1359 513 ac
1389 458 1435 512 si
1470 459 1872 516 mandatarius
1912 475 2019 515 suo
2061 459 2293 551 nomine
2322 475 2477 531 ges·
2539 451 2550 477 ³

216 548 509 619 serit(40).

290 640 416 694 479
446 640 592 694 Sunt
631 641 832 694 autem
871 639 1184 697 societates
1224 637 1317 693 vel
1352 638 1734 703 universale8‚
1765 638 1858 694 vel
1889 639 2452 708 particularesUni-

213 731 479 785 versales
513 729 692 783 tacite
721 728 860 783 coiri
893 742 1006 782 non
1050 732 1314 798 possunt;
1358 743 1467 784 nec
1509 744 1640 783 cum
1676 728 1764 783 his
1799 729 1938 782 coiri
1972 730 2210 798 possunt
2237 728 2460 800 quibus
2602 803 2611 810 ·

214 819 434 874 donare
483 834 595 872 non
650 819 807 882 licet,
849 819 1065 887 utputa
1117 819 1387 888 conjuge,
1429 819 1523 873 vel
1566 819 1703 873 fll'iis
1743 818 2093 873 adulterinis
2122 816 2254 891 (41).
2294 816 2476 881 Coiri=
2519 853 2522 861 ·

211 911 414 964 autem
451 910 691 977 possunt
719 907 845 962 sive
885 906 1143 962 omnium
1182 923 1378 962 rerum
1421 911 1479 963 et
1521 923 1848 978 operarum,
1890 908 2015 962 sive
2048 907 2455 964 universorum
2499 983 2502 986 ἱ

214 1012 367 1068 quae
398 1013 473 1052 ex
500 999 749 1067 quaestu
781 997 1045 1051 veniunt.
1074 996 1128 1051 Si
1160 998 1414 1052 omnium
1446 1014 1641 1053 rerum
1670 998 1923 1053 societas
1952 998 2107 1052 coita
2134 998 2230 1063 sit,
2260 998 2459 1074 omnia

213 1101 368 1157 quae
407 1094 533 1140 tuno
562 1085 899 1140 coeuntium
941 1089 1096 1149 sunt,
1127 1101 1397 1157 quaeque
1439 1087 1686 1142 subinde
1730 1078 2016 1158 cujusque
2047 1102 2251 1143 eorum
2285 1088 2489 1155 fiunti(

213 1175 494 1231 continuo
533 1174 1041 1230 communicantur
1061 1173 1203 1246 (42):
1247 1176 1512 1245 exceptis
1541 1177 1825 1246 quaesitis
1851 1175 2100 1248 (postea)
2129 1176 2326 1232 alieno
2343 1177 2456 1232 be-

213 1265 447 1329 neficiO,
476 1280 628 1335 quae
672 1265 822 1334 quod
851 1265 925 1319 ad
958 1280 1124 1320 usum
1152 1267 1386 1319 tantum
1412 1264 1552 1339 (43);
1585 1267 1679 1321 vel
1710 1268 1939 1337 proprio
1969 1266 2273 1331 maleficiO,
2301 1281 2461 1338 quae

212 1355 555 1410 nullatenus
580 1353 695 1425 (44)
733 1354 1253 1409 communicantur.
1286 1352 1501 1410 Contra
1540 1370 1642 1426 aes
1684 1357 1968 1427 cujusque
2009 1356 2271 1412 alienum
2310 1360 2464 1413 ante·

213 1445 557 1499 societatem
599 1446 986 1509 contractum,
1014 1444 1355 1499 societatem
1399 1448 1604 1501 onerat
1625 1444 1755 1517 (45).
1793 1446 1956 1509 Quae
1999 1447 2248 1502 subinde
2289 1462 2455 1518 prae·

213 1537 374 1588 stare
397 1534 584 1595 debet,
603 1534 774 1588 sociis
803 1549 1212 1604 quaecumque
1236 1534 1322 1589 eis
1346 1535 1680 1590 necessaria
1708 1538 1870 1599 sunt;
1899 1539 1966 1591 ut
1990 1552 2131 1592 ecce
2154 1536 2458 1601 alimen-ta,

213 1629 479 1692 sumptus
510 1623 566 1676 in
610 1624 824 1686 studia,
854 1625 1022 1677 dotes
1064 1623 1314 1677 filiarum
1349 1622 1478 1695 (46).

217 1843 534 1896 dissolvitur,
560 1845 649 1889 uni
683 1857 744 1888 ex
771 1845 925 1890 sociis
949 1843 1287 1890 obventurum

221 1916 292 1960 sit
336 1915 528 1975 aliquid
563 1915 812 1961 commodi
851 1915 930 1959 vel
967 1915 1284 1969 incommodi,

217 1985 278 2031 de
310 1987 405 2031 hoc
441 1986 502 2032 ab
534 2000 590 2031 eo
625 1987 822 2043 ceteris,
855 1986 932 2031 vel
966 1986 1010 2031 ei
1046 1999 1075 2031 a
1107 1988 1285 2032 ceteris

218 2056 498 2102 cavendum
525 2058 621 2101 erit
637 2056 756 2113 (LL.
780 2057 851 2109 27,
877 2057 936 2101 38
956 2056 1030 2111 52,
1053 2058 1126 2109 68,
1148 2058 1175 2116 ἓ
1197 2057 1286 2103 ult.

219 2127 328 2172 Eod
346 2129 377 2185 ).
401 2129 595 2181 Causa,
619 2141 767 2172 secus
786 2127 828 2172 si
848 2130 1115 2174 occasione
1132 2129 1284 2173 socie-

218 2199 343 2243 tatis
375 2197 616 2242 damnum
642 2211 828 2257 passus
853 2199 921 2244 sit
949 2199 1023 2254 (L.
1045 2199 1119 2254 61,
1144 2204 1173 2253 ἓ
1194 2198 1284 2244 ult.

215 2266 263 2313 h.
300 2272 329 2312 c.
364 2267 441 2313 Ex
476 2268 528 2315 C.
556 2269 612 2314 G.
638 2269 768 2322 1852,
804 2268 863 2313 It..
897 2270 1059 2324 1716):
1090 2274 1150 2315 ut
1172 2282 1284 2315 ecce

216 2339 275 2391 si,
297 2339 418 2383 dum
438 2340 486 2383 in
507 2340 716 2398 negocia
734 2340 997 2385 societatis
1018 2338 1284 2395 incumbit,

215 2422 311 2454 sua
344 2409 584 2467 neglexit,
609 2410 943 2456 hereditatem
977 2412 1154 2457 amisit
1179 2412 1284 2468 (cit.

218 2479 246 2537 ἓ
274 2478 363 2523 ult.
399 2479 449 2525 S.
471 2480 637 2539 Alph.‚
667 2480 755 2536 111,
776 2481 911 2537 905);
946 2482 1005 2536 si,
1042 2482 1162 2527 dum
1197 2495 1279 2527 so-

211 2548 419 2595 cietatis
448 2563 603 2596 causa
629 2553 723 2596 iter
759 2551 952 2611 agebat,
988 2552 1049 2599 ab
1082 2554 1285 2600 inimico

214 2631 309 2664 suo
350 2633 529 2665 coesus
563 2620 661 2665 fuit
702 2622 799 2677 (Ex
834 2623 890 2668 L.
923 2623 996 2677 28,
1029 2627 1055 2677 g
1091 2623 1288 2680 Culpae

212 2690 579 2750 Locat.‘Lugo,
614 2693 683 2745 30,
719 2694 808 2745 31).

275 2760 335 2805 39
367 2761 421 2809 C.
454 2761 513 2806 G.
554 2762 680 2820 1853,
715 2763 775 2807 It.
814 2764 940 2807 1717.
975 2764 1097 2809 Jure
1144 2778 1281 2810 com-

212 2832 357 2876 muni
387 2833 561 2890 aequis
597 2833 826 2891 partibus
858 2834 958 2892 (Ex
993 2835 1047 2881 L.
1075 2836 1116 2888 1,
1142 2836 1187 2880 h.
1216 2837 1286 2892 t.).

212 2902 340 2961 Ejus
365 2915 500 2954 vero,
526 2905 612 2962 qui
647 2904 807 2950 solam
832 2918 1034 2964 operam
1069 2907 1286 2952 contulit

212 2976 326 3019 rata
359 2987 451 3033 par
485 2975 580 3019 erit
613 2975 722 3034 ejus
751 2977 836 3034 qui
872 2978 1042 3021 minus
1068 2978 1286 3022 contulit

211 3044 333 3102 (Cit.
363 3048 503 3103 AA.).
532 3045 631 3092 Sed
665 3046 774 3098 hoc,
807 3051 865 3093 ut
900 3048 1090 3108 opinor,
1124 3050 1174 3093 in
1208 3062 1287 3094 ca-

213 3115 358 3161 sibus
392 3110 663 3164 ordinariis
698 3122 835 3178 (Arg.
872 3132 934 3165 ex
968 3120 1065 3166 LL.
1099 3121 1139 3172 3,
1175 3123 1216 3175 4,
1242 3122 1284 3164 5.

214 3189 289 3232 De
335 3188 609 3244 Legibus),·
662 3202 778 3234 nam
832 3190 884 3234 in
938 3190 1283 3236 extraordina-

220 3257 325 3310 riis,
374 3263 430 3302 ut
461 3263 587 3317 puta
626 3261 668 3305 si
707 3260 1041 3319 periculosam
1083 3274 1281 3320 operam

211 3331 443 3385 praestat
464 3330 528 3386 (v.
551 3343 609 3384 c.,
635 3332 969 3388 periculosam
1005 3332 1284 3392 navigatio·

211 3409 345 3449 nem,
369 3402 461 3443 aut
482 3398 698 3444 laborem
726 3401 1005 3447 valetudini
1036 3403 1284 3459 noxium),

213 3470 304 3512 aut
336 3468 606 3526 insignem,
639 3484 817 3524 raram,
854 3473 1137 3528 perutilem,
1175 3473 1283 3533 ejus

218 3538 508 3583 aestimatio
551 3539 731 3586 recidit
773 3541 825 3586 in
867 3541 1130 3601 arbitrium
1169 3543 1282 3589 boni

209 3619 327 3654 vim.

274 3678 332 3721 40
367 3679 420 3726 C.
454 3680 511 3725 G.
552 3681 678 3734 1862,
722 3682 849 3735 1863,
884 3683 1015 3738 1864,
1052 3683 1115 3728 It.
1152 3683 1280 3739 1727,

215 3747 345 3792 1728.
366 3749 594 3797 Creditor
618 3753 786 3797 autem
806 3753 1057 3799 sociorum
1079 3751 1279 3813 abtuno-

1389 1858 1587 1906 quoque
1623 1848 1809 1893 viritim
1845 1849 2044 1908 repetit,
2069 1849 2188 1897 licet
2213 1849 2460 1913 inaequa'·
2541 1849 2549 1858 ’

1387 1917 1503 1962 liter
1536 1918 1843 1963 contulerint
1865 1919 1939 1977 (C.
1963 1919 2020 1966 G.
2049 1921 2192 1977 1862,
2214 1919 2275 1967 It.
2298 1921 2459 1979 1727).
2480 1943 2485 1945 >

1446 1991 1499 2033 41
1530 1992 1575 2035 C.
1600 1989 1655 2035 G.
1683 1990 1821 2044 18403
1849 1989 1908 2035 It.
1933 1991 2066 2038 1704.
2088 1992 2276 2040 Contra
2298 1993 2353 2040 L.
2379 1993 2460 2052 32,

1384 2063 1414 2114 g
1447 2060 1518 2113 24,
1552 2062 1626 2106 De
1660 2064 1842 2114 Donat.
1878 2064 2018 2109 inter
2050 2065 2149 2110 vir.
2183 2068 2232 2112 et
2258 2075 2411 2110 umor.

1447 2131 1506 2175 42
1523 2130 1620 2176 LL.
1641 2132 1681 2186 1,
1701 2132 1743 2187 2,
1760 2133 1804 2178 h.
1824 2137 1854 2179 t.
1875 2134 1927 2180 C.
1947 2133 2007 2179 It.
2035 2134 2159 2180 1701.
2187 2147 2228 2181 c.
2251 2148 2300 2194 g.
2326 2135 2458 2183 1837.

1391 2202 2455 2262 communicantur-‚idestfluntcomrnunia
2564 2215 2569 2219 ’

1446 2274 1504 2319 43
1535 2275 1588 2322 C.
1624 2274 1683 2321 G.
1717 2275 1853 2330 1837,
1893 2275 1953 2321 It.
1992 2276 2119 2321 1701.
2153 2271 2346 2337 Utputa
2390 2291 2455 2324 ex
2534 2299 2539 2304 ·
2586 2276 2594 2298 ‘³

1387 2344 1671 2398 donatione,
1707 2345 2004 2402 hereditate,
2039 2347 2246 2406 legatis:
2278 2344 2465 2396 contra
2496 2401 2498 2403 ,

1386 2414 1485 2461 LL.
1519 2416 1562 2469 3,
1596 2417 1669 2469 74,
1692 2416 1738 2462 h.
1777 2422 1807 2462 t.
1833 2415 1933 2463 Nec
1957 2417 2095 2463 aliud
2121 2418 2311 2478 pacisci
2342 2432 2470 2480 per-¹
2498 2447 2502 2450 -
2578 2410 2597 2451 '³

1387 2486 1640 2532 mittitur:
1695 2488 1800 2540 sed,
1853 2488 1899 2533 si
1955 2487 2093 2534 aliud
2147 2491 2461 2545 convenerit,
2568 2536 2570 2538 ,

1387 2559 1561 2602 utrum
1583 2560 1791 2617 pactum
1816 2571 1906 2617 pro
1937 2571 2034 2604 non
2059 2559 2248 2619 scripto
2279 2560 2362 2615 sit,
2386 2559 2466 2608 ιιιιΙ
2572 2554 2587 2580 ”·

1388 2628 1534 2673 vitiet
1556 2632 1887 2686 contractum,
1911 2629 2042 2674 inter
2063 2629 2106 2674 J.
2131 2629 2184 2677 C.
2207 2643 2305 2677 non
2338 2642 2457 2677 cou-
2480 2635 2493 2641 ”

1387 2699 1547 2744 venit:
1576 2698 1665 2743 sed
1682 2700 1795 2759 Jure
1819 2702 1990 2745 nostro
2013 2699 2216 2746 videtur
2236 2713 2327 2760 pro
2350 2714 2452 2747 nou

1387 2771 1577 2827 scripto
1604 2782 1731 2814 esse.

1445 2840 1503 2882 44
1536 2838 1632 2883 LL.
1666 2839 1740 2896 64,
1774 2842 1866 2886 etc.
1897 2841 1939 2885 Ιι.
1979 2845 2008 2885 t.
2034 2839 2132 2886 Sed
2156 2839 2213 2886 V.
2242 2839 2456 2905 Donell.,

1386 2907 1493 2954 Lib.
1526 2909 1658 2960 xm,
1696 2910 1825 2966 XVI,
1861 2912 1905 2964 6,
1939 2912 1982 2956 7.
2542 2945 2546 2948 -

1446 2979 1506 3023 45
1527 2979 1604 3023 Ex
1641 2979 1696 3026 L.
1726 2981 1800 3032 40,
1824 2982 1850 3039 ς
1876 2981 1918 3036 3,
1943 2983 2089 3027 Fam.
2113 2984 2285 3039 ercisc.
2311 2983 2459 3033 Voet.
2519 2998 2529 3001 ¹
2573 2972 2591 3022 ’Ἴ

1387 3049 1458 3103 17,
1491 3050 1535 3103 2,
1568 3050 1638 3094 11.
1673 3050 1890 3106 Zachar„
1926 3052 2029 3108 379,
2063 3055 2108 3098 5.

1448 3121 1506 3164 46
1537 3119 1592 3166 L.
1624 3122 1697 3173 74,
1733 3121 1778 3166 h.
1812 3128 1845 3168 t.
1869 3121 2009 3176 Voet,
2032 3124 2102 3177 17,
2135 3123 2180 3179 2,
2202 3126 2243 3169 4.
2266 3125 2455 3181 Quam·

1386 3191 1466 3236 vis
1501 3191 1627 3237 forte
1659 3195 1804 3251 pater
1839 3206 2010 3239 eorum
2055 3194 2229 3240 minus
2268 3198 2453 3242 contu·

1385 3261 1516 3315 lerit,
1550 3266 1599 3307 et
1633 3262 1773 3308 solus
1806 3262 1939 3309 filios
1965 3263 2148 3310 habeat
2169 3265 2264 3322 (Ex
2289 3265 2386 3311 LL.
2407 3267 2457 3321 5,
2527 3274 2531 3277 ’
2559 3284 2561 3286 ·
2586 3270 2594 3299 ’-

1386 3333 1459 3386 82,
1493 3332 1538 3376 h.
1576 3339 1607 3378 t.
1640 3333 1854 3388 Haimb„
1879 3338 1908 3389 g
1931 3334 2064 3391 536):
2089 3347 2180 3380 nec
2205 3334 2351 3383 finita
2372 3348 2452 3383 so·
2527 3340 2546 3354 '·
2592 3346 2593 3349 ’

1386 3404 1568 3448 cietate
1609 3404 1707 3462 ipsi
1755 3404 2076 3464 imputantur
2118 3405 2278 3467 (Voet,
2311 3404 2351 3453 1.3
2374 3417 2452 3460 c.).
2471 3400 2482 3436 s

1386 3473 1501 3527 Sed,
1517 3487 1579 3518 ex
1598 3474 1700 3519 NN.
1720 3474 1836 3530 LL.,
1855 3477 1978 3533 puto
1996 3474 2178 3520 saltem
2197 3475 2340 3522 dotes
2360 3473 2461 3524 im*
2567 3512 2572 3523 ,

1385 3544 1640 3602 putandas
1664 3557 1773 3590 esse
1791 3558 1883 3603 pro
1906 3547 2016 3590 rata
2037 3545 2134 3601 (Ex
2157 3545 2210 3592 C.
2236 3545 2293 3591 G.
2318 3543 2457 3592 1838.
2491 3591 2494 3596 ,
2520 3591 2523 3599 ,,

1382 3613 1444 3659 It.
1483 3613 1629 3668 1717),
1656 3615 1804 3673 quasi
1838 3617 2010 3673 partes
2040 3613 2244 3660 futurae
2276 3613 2458 3662 dotau-
2520 3672 2523 3673 ⁷
2561 3610 2567 3641 ³

1385 3685 1515 3729 tium
1549 3684 1868 3731 hereditatis.
2579 3692 2583 3700 '
