<?xml version="1.0" encoding="UTF-8"?>
<!DOCTYPE html PUBLIC "-//W3C//DTD XHTML 1.0 Transitional//EN"
    "http://www.w3.org/TR/xhtml1/DTD/xhtml1-transitional.dtd">
<html xmlns="http://www.w3.org/1999/xhtml" xml:lang="en" lang="en">
 <head>
  <title>
</title>
<meta http-equiv="Content-Type" content="text/html;charset=utf-8" />
  <meta name='ocr-system' content='tesseract 3.04.00' />
  <meta name='ocr-capabilities' content='ocr_page ocr_carea ocr_par ocr_line ocrx_word'/>
</head>
<body>
  <div class='ocr_page' id='page_1' title='image "./summulatheologia02anni_0074.png"; bbox 0 0 2626 4048; ppageno 0'>
   <div class='ocr_carea' id='block_1_1' title="bbox 200 138 2028 200">
    <p class='ocr_par' dir='ltr' id='par_1_1' title="bbox 200 138 2028 200">
     <span class='ocr_line' id='line_1_1' title="bbox 200 138 2028 200; baseline -0.002 0"><span class='ocrx_word' id='word_1_1' title='bbox 200 141 268 200; x_wconf 79' lang='grc'>66</span> <span class='ocrx_word' id='word_1_2' title='bbox 611 156 756 195; x_wconf 73' lang='lat' dir='ltr'>1.th</span> <span class='ocrx_word' id='word_1_3' title='bbox 792 155 859 195; x_wconf 85' lang='lat'>111.</span> <span class='ocrx_word' id='word_1_4' title='bbox 895 169 921 181; x_wconf 91' lang='lat'><strong>·</strong></span> <span class='ocrx_word' id='word_1_5' title='bbox 954 156 1127 195; x_wconf 61' lang='lat' dir='ltr'>macr.</span> <span class='ocrx_word' id='word_1_6' title='bbox 1163 153 1195 192; x_wconf 81' lang='lat'>1.</span> <span class='ocrx_word' id='word_1_7' title='bbox 1233 154 1295 192; x_wconf 68' lang='lat' dir='ltr'>DE</span> <span class='ocrx_word' id='word_1_8' title='bbox 1330 138 1571 195; x_wconf 58' lang='lat' dir='ltr'>cknmr&#39;a·</span> <span class='ocrx_word' id='word_1_9' title='bbox 1606 155 1738 195; x_wconf 68' lang='lat' dir='ltr'>ERGA</span> <span class='ocrx_word' id='word_1_10' title='bbox 1772 154 2028 196; x_wconf 67' lang='lat' dir='ltr'>monum!</span> 
     </span>
    </p>
   </div>
   <div class='ocr_carea' id='block_1_2' title="bbox 200 223 2468 314">
    <p class='ocr_par' dir='ltr' id='par_1_2' title="bbox 200 200 2566 314">
     <span class='ocr_line' id='line_1_2' title="bbox 200 223 2468 314; baseline 0 -15"><span class='ocrx_word' id='word_1_11' title='bbox 200 258 355 314; x_wconf 83' lang='lat' dir='ltr'>gnus</span> <span class='ocrx_word' id='word_1_12' title='bbox 390 239 527 314; x_wconf 94' lang='grc'>(12).</span> <span class='ocrx_word' id='word_1_13' title='bbox 568 239 811 295; x_wconf 85' lang='lat' dir='ltr'>Tristari</span> <span class='ocrx_word' id='word_1_14' title='bbox 853 242 1052 295; x_wconf 88' lang='lat' dir='ltr'>autem</span> <span class='ocrx_word' id='word_1_15' title='bbox 1092 239 1164 294; x_wconf 91' lang='lat' dir='ltr'>de</span> <span class='ocrx_word' id='word_1_16' title='bbox 1213 239 1360 293; x_wconf 91' lang='lat' dir='ltr'>bono</span> <span class='ocrx_word' id='word_1_17' title='bbox 1398 238 1646 295; x_wconf 89' lang='lat' dir='ltr'>alterius</span> <span class='ocrx_word' id='word_1_18' title='bbox 1691 240 2012 311; x_wconf 89' lang='lat' dir='ltr'>temporali,</span> <span class='ocrx_word' id='word_1_19' title='bbox 2056 254 2172 312; x_wconf 87' lang='lat' dir='ltr'>qua</span> <span class='ocrx_word' id='word_1_20' title='bbox 2217 223 2468 300; x_wconf 66' lang='lat' dir='ltr'>bonum&#39;</span> 
     </span>
    </p>
   </div>
   <div class='ocr_carea' id='block_1_3' title="bbox 200 326 2438 758">
    <p class='ocr_par' dir='ltr' id='par_1_3' title="bbox 200 326 2134 403">
     <span class='ocr_line' id='line_1_3' title="bbox 200 326 2134 403; baseline -0.002 -16"><span class='ocrx_word' id='word_1_21' title='bbox 200 334 328 403; x_wconf 89' lang='lat' dir='ltr'>ejus</span> <span class='ocrx_word' id='word_1_22' title='bbox 370 336 477 394; x_wconf 84' lang='lat' dir='ltr'>est,</span> <span class='ocrx_word' id='word_1_23' title='bbox 522 332 583 386; x_wconf 92' lang='lat' dir='ltr'>et</span> <span class='ocrx_word' id='word_1_24' title='bbox 625 332 879 384; x_wconf 89' lang='lat' dir='ltr'>nostram</span> <span class='ocrx_word' id='word_1_25' title='bbox 922 326 1336 382; x_wconf 80' lang='lat' dir='ltr'>excellentiam</span> <span class='ocrx_word' id='word_1_26' title='bbox 1377 326 1606 391; x_wconf 89' lang='lat' dir='ltr'>minuit,</span> <span class='ocrx_word' id='word_1_27' title='bbox 1645 330 1843 382; x_wconf 78' lang='lat' dir='ltr'>invidia</span> <span class='ocrx_word' id='word_1_28' title='bbox 1886 331 1977 384; x_wconf 92' lang='lat' dir='ltr'>est</span> <span class='ocrx_word' id='word_1_29' title='bbox 2004 330 2134 403; x_wconf 89' lang='lat'>(13).</span> 
     </span>
    </p>

    <p class='ocr_par' dir='ltr' id='par_1_4' title="bbox 200 414 2438 758">
     <span class='ocr_line' id='line_1_4' title="bbox 274 414 2433 483; baseline 0 -7"><span class='ocrx_word' id='word_1_30' title='bbox 274 424 364 477; x_wconf 88' lang='grc'>87.</span> <span class='ocrx_word' id='word_1_31' title='bbox 404 419 736 475; x_wconf 84' lang='lat' dir='ltr'>Proximum</span> <span class='ocrx_word' id='word_1_32' title='bbox 779 421 976 472; x_wconf 86' lang='lat' dir='ltr'>autem</span> <span class='ocrx_word' id='word_1_33' title='bbox 1018 416 1288 483; x_wconf 86' lang='lat' dir='ltr'>accipere</span> <span class='ocrx_word' id='word_1_34' title='bbox 1330 414 1610 471; x_wconf 78' lang='lat' dir='ltr'>debemus</span> <span class='ocrx_word' id='word_1_35' title='bbox 1637 430 1836 473; x_wconf 91' lang='lat' dir='ltr'>omnes</span> <span class='ocrx_word' id='word_1_36' title='bbox 1878 419 2156 482; x_wconf 88' lang='lat' dir='ltr'>homines,</span> <span class='ocrx_word' id='word_1_37' title='bbox 2197 419 2433 477; x_wconf 84' lang='lat' dir='ltr'>nemine</span> 
     </span>
     <span class='ocr_line' id='line_1_5' title="bbox 201 502 2434 580; baseline -0.001 -13"><span class='ocrx_word' id='word_1_38' title='bbox 201 515 466 580; x_wconf 83' lang='lat' dir='ltr'>exceptO,</span> <span class='ocrx_word' id='word_1_39' title='bbox 509 509 771 563; x_wconf 86' lang='lat' dir='ltr'>inimicos</span> <span class='ocrx_word' id='word_1_40' title='bbox 812 521 1040 576; x_wconf 86' lang='lat' dir='ltr'>quoque</span> <span class='ocrx_word' id='word_1_41' title='bbox 1071 502 1198 575; x_wconf 83' lang='lat'>(14).</span> <span class='ocrx_word' id='word_1_42' title='bbox 1241 503 1489 559; x_wconf 79' lang='lat' dir='ltr'>Proinde</span> <span class='ocrx_word' id='word_1_43' title='bbox 1530 503 1579 558; x_wconf 93' lang='lat' dir='ltr'>is</span> <span class='ocrx_word' id='word_1_44' title='bbox 1620 505 1719 575; x_wconf 90' lang='lat' dir='ltr'>qui</span> <span class='ocrx_word' id='word_1_45' title='bbox 1754 505 1928 562; x_wconf 91' lang='lat' dir='ltr'>alteri</span> <span class='ocrx_word' id='word_1_46' title='bbox 1973 508 2243 578; x_wconf 87' lang='lat' dir='ltr'>injuriam</span> <span class='ocrx_word' id='word_1_47' title='bbox 2277 507 2434 574; x_wconf 80' lang='lat' dir='ltr'>fecit,</span> 
     </span>
     <span class='ocr_line' id='line_1_6' title="bbox 201 590 2437 666; baseline -0.002 -9"><span class='ocrx_word' id='word_1_48' title='bbox 201 603 375 657; x_wconf 91' lang='lat' dir='ltr'>debet</span> <span class='ocrx_word' id='word_1_49' title='bbox 415 601 489 654; x_wconf 90' lang='lat' dir='ltr'>ab</span> <span class='ocrx_word' id='word_1_50' title='bbox 532 613 600 653; x_wconf 95' lang='lat' dir='ltr'>eo</span> <span class='ocrx_word' id='word_1_51' title='bbox 643 596 875 651; x_wconf 83' lang='lat' dir='ltr'>veniam</span> <span class='ocrx_word' id='word_1_52' title='bbox 919 597 1119 665; x_wconf 89' lang='lat' dir='ltr'>petere</span> <span class='ocrx_word' id='word_1_53' title='bbox 1148 590 1290 666; x_wconf 76' lang='lat'>(15),</span> <span class='ocrx_word' id='word_1_54' title='bbox 1333 596 1393 647; x_wconf 91' lang='lat' dir='ltr'>et</span> <span class='ocrx_word' id='word_1_55' title='bbox 1422 593 1519 663; x_wconf 90' lang='lat' dir='ltr'>qui</span> <span class='ocrx_word' id='word_1_56' title='bbox 1550 594 1778 664; x_wconf 76' lang='lat' dir='ltr'>accepIt</span> <span class='ocrx_word' id='word_1_57' title='bbox 1809 594 2078 666; x_wconf 80' lang='lat' dir='ltr'>injuriam</span> <span class='ocrx_word' id='word_1_58' title='bbox 2108 596 2255 666; x_wconf 88' lang='lat' dir='ltr'>(sive</span> <span class='ocrx_word' id='word_1_59' title='bbox 2282 597 2437 652; x_wconf 91' lang='lat' dir='ltr'>alter</span> 
     </span>
     <span class='ocr_line' id='line_1_7' title="bbox 200 682 2438 758; baseline -0.001 -15"><span class='ocrx_word' id='word_1_60' title='bbox 200 689 436 745; x_wconf 79' lang='lat' dir='ltr'>veniam</span> <span class='ocrx_word' id='word_1_61' title='bbox 468 689 647 757; x_wconf 87' lang='lat' dir='ltr'>petat,</span> <span class='ocrx_word' id='word_1_62' title='bbox 677 685 803 740; x_wconf 89' lang='lat' dir='ltr'>sive</span> <span class='ocrx_word' id='word_1_63' title='bbox 836 700 944 739; x_wconf 87' lang='lat' dir='ltr'>non</span> <span class='ocrx_word' id='word_1_64' title='bbox 980 683 1181 756; x_wconf 84' lang='lat' dir='ltr'>petat),</span> <span class='ocrx_word' id='word_1_65' title='bbox 1205 684 1380 738; x_wconf 89' lang='lat' dir='ltr'>debet</span> <span class='ocrx_word' id='word_1_66' title='bbox 1410 682 1462 737; x_wconf 92' lang='lat' dir='ltr'>ei</span> <span class='ocrx_word' id='word_1_67' title='bbox 1494 698 1569 736; x_wconf 86' lang='lat' dir='ltr'>ex</span> <span class='ocrx_word' id='word_1_68' title='bbox 1598 683 1767 737; x_wconf 90' lang='lat' dir='ltr'>corde</span> <span class='ocrx_word' id='word_1_69' title='bbox 1797 683 2096 740; x_wconf 80' lang='lat' dir='ltr'>dimittere</span> <span class='ocrx_word' id='word_1_70' title='bbox 2120 683 2257 758; x_wconf 85' lang='lat'>(16);</span> <span class='ocrx_word' id='word_1_71' title='bbox 2289 688 2348 742; x_wconf 87' lang='lat' dir='ltr'>et</span> <span class='ocrx_word' id='word_1_72' title='bbox 2377 685 2438 741; x_wconf 92' lang='lat' dir='ltr'>id</span> 
     </span>
    </p>
   </div>
   <div class='ocr_carea' id='block_1_4' title="bbox 203 771 2492 849">
    <p class='ocr_par' dir='ltr' id='par_1_5' title="bbox 203 771 2492 849">
     <span class='ocr_line' id='line_1_8' title="bbox 203 771 2492 849; baseline -0.002 -15"><span class='ocrx_word' id='word_1_73' title='bbox 203 778 464 835; x_wconf 80' lang='lat' dir='ltr'>exterius</span> <span class='ocrx_word' id='word_1_74' title='bbox 503 777 812 831; x_wconf 81' lang='lat' dir='ltr'>ostendere</span> <span class='ocrx_word' id='word_1_75' title='bbox 854 774 1256 829; x_wconf 89' lang='lat' dir='ltr'>communibus</span> <span class='ocrx_word' id='word_1_76' title='bbox 1298 772 1748 827; x_wconf 82' lang='lat' dir='ltr'>benevolentiae</span> <span class='ocrx_word' id='word_1_77' title='bbox 1798 772 1986 842; x_wconf 89' lang='lat' dir='ltr'>signis</span> <span class='ocrx_word' id='word_1_78' title='bbox 2012 771 2146 846; x_wconf 90' lang='lat'><strong>(17).</strong></span> <span class='ocrx_word' id='word_1_79' title='bbox 2195 775 2435 830; x_wconf 90' lang='lat' dir='ltr'>Demum</span> <span class='ocrx_word' id='word_1_80' title='bbox 2464 811 2492 849; x_wconf 30' lang='grc'>,-</span> 
     </span>
    </p>
   </div>
   <div class='ocr_carea' id='block_1_5' title="bbox 201 861 2442 1650">
    <p class='ocr_par' dir='ltr' id='par_1_6' title="bbox 201 861 2442 1650">
     <span class='ocr_line' id='line_1_9' title="bbox 201 861 2437 938; baseline -0.001 -16"><span class='ocrx_word' id='word_1_81' title='bbox 201 869 430 938; x_wconf 85' lang='lat' dir='ltr'>oportet</span> <span class='ocrx_word' id='word_1_82' title='bbox 473 865 727 920; x_wconf 89' lang='lat' dir='ltr'>inimicis</span> <span class='ocrx_word' id='word_1_83' title='bbox 769 863 1120 919; x_wconf 78' lang='lat' dir='ltr'>benefacere</span> <span class='ocrx_word' id='word_1_84' title='bbox 1153 861 1287 934; x_wconf 84' lang='lat'>(18);</span> <span class='ocrx_word' id='word_1_85' title='bbox 1333 862 1505 925; x_wconf 91' lang='lat' dir='ltr'>idest,</span> <span class='ocrx_word' id='word_1_86' title='bbox 1536 876 1635 930; x_wconf 89' lang='lat' dir='ltr'>pro</span> <span class='ocrx_word' id='word_1_87' title='bbox 1671 861 1757 916; x_wconf 92' lang='lat' dir='ltr'>eis</span> <span class='ocrx_word' id='word_1_88' title='bbox 1785 876 1971 926; x_wconf 88' lang='lat' dir='ltr'>orare,</span> <span class='ocrx_word' id='word_1_89' title='bbox 2014 862 2217 934; x_wconf 88' lang='lat' dir='ltr'>eisque</span> <span class='ocrx_word' id='word_1_90' title='bbox 2258 877 2437 933; x_wconf 84' lang='lat' dir='ltr'>egen·</span> 
     </span>
     <span class='ocr_line' id='line_1_10' title="bbox 202 950 2438 1027; baseline -0.002 -15"><span class='ocrx_word' id='word_1_91' title='bbox 202 960 358 1013; x_wconf 85' lang='lat' dir='ltr'>tibus</span> <span class='ocrx_word' id='word_1_92' title='bbox 379 972 544 1027; x_wconf 91' lang='lat' dir='ltr'>opem</span> <span class='ocrx_word' id='word_1_93' title='bbox 572 956 741 1011; x_wconf 85' lang='lat' dir='ltr'>serre.</span> <span class='ocrx_word' id='word_1_94' title='bbox 772 955 847 1008; x_wconf 89' lang='lat' dir='ltr'>At</span> <span class='ocrx_word' id='word_1_95' title='bbox 873 968 1010 1008; x_wconf 89' lang='lat' dir='ltr'>vero</span> <span class='ocrx_word' id='word_1_96' title='bbox 1042 951 1262 1006; x_wconf 90' lang='lat' dir='ltr'>inimici</span> <span class='ocrx_word' id='word_1_97' title='bbox 1294 950 1579 1020; x_wconf 85' lang='lat' dir='ltr'>diligendi</span> <span class='ocrx_word' id='word_1_98' title='bbox 1610 954 1765 1015; x_wconf 88' lang='lat' dir='ltr'>sunt,</span> <span class='ocrx_word' id='word_1_99' title='bbox 1790 966 1902 1005; x_wconf 91' lang='lat' dir='ltr'>non</span> <span class='ocrx_word' id='word_1_100' title='bbox 1929 951 2209 1021; x_wconf 83' lang='lat' dir='ltr'>peculiari</span> <span class='ocrx_word' id='word_1_101' title='bbox 2237 951 2438 1023; x_wconf 89' lang='lat' dir='ltr'>aliqua</span> 
     </span>
     <span class='ocr_line' id='line_1_11' title="bbox 201 1039 2439 1113; baseline -0.003 -11"><span class='ocrx_word' id='word_1_102' title='bbox 201 1048 531 1108; x_wconf 84' lang='lat' dir='ltr'>dilectione,</span> <span class='ocrx_word' id='word_1_103' title='bbox 575 1060 684 1100; x_wconf 90' lang='lat' dir='ltr'>nec</span> <span class='ocrx_word' id='word_1_104' title='bbox 714 1044 815 1099; x_wconf 91' lang='lat' dir='ltr'>illa</span> <span class='ocrx_word' id='word_1_105' title='bbox 844 1058 959 1113; x_wconf 87' lang='lat' dir='ltr'>qua</span> <span class='ocrx_word' id='word_1_106' title='bbox 986 1042 1123 1096; x_wconf 89' lang='lat' dir='ltr'>olim</span> <span class='ocrx_word' id='word_1_107' title='bbox 1155 1041 1333 1104; x_wconf 86' lang='lat' dir='ltr'>forte;</span> <span class='ocrx_word' id='word_1_108' title='bbox 1364 1041 1465 1095; x_wconf 91' lang='lat' dir='ltr'>sed</span> <span class='ocrx_word' id='word_1_109' title='bbox 1496 1055 1568 1094; x_wconf 90' lang='lat' dir='ltr'>ea</span> <span class='ocrx_word' id='word_1_110' title='bbox 1595 1039 1864 1111; x_wconf 83' lang='lat' dir='ltr'>generali</span> <span class='ocrx_word' id='word_1_111' title='bbox 1896 1045 1955 1096; x_wconf 93' lang='lat' dir='ltr'>et</span> <span class='ocrx_word' id='word_1_112' title='bbox 1984 1040 2294 1106; x_wconf 84' lang='lat' dir='ltr'>communi,</span> <span class='ocrx_word' id='word_1_113' title='bbox 2322 1055 2439 1112; x_wconf 86' lang='lat' dir='ltr'>qua</span> 
     </span>
     <span class='ocr_line' id='line_1_12' title="bbox 201 1129 2438 1201; baseline -0.003 -10"><span class='ocrx_word' id='word_1_114' title='bbox 201 1151 401 1192; x_wconf 89' lang='lat' dir='ltr'>omnes</span> <span class='ocrx_word' id='word_1_115' title='bbox 443 1134 707 1189; x_wconf 89' lang='lat' dir='ltr'>homines</span> <span class='ocrx_word' id='word_1_116' title='bbox 747 1132 999 1201; x_wconf 84' lang='lat' dir='ltr'>diligere</span> <span class='ocrx_word' id='word_1_117' title='bbox 1042 1132 1269 1200; x_wconf 84' lang='lat' dir='ltr'>oportet</span> <span class='ocrx_word' id='word_1_118' title='bbox 1302 1129 1432 1201; x_wconf 86' lang='lat'>(19).</span> <span class='ocrx_word' id='word_1_119' title='bbox 1476 1130 1725 1184; x_wconf 86' lang='lat' dir='ltr'>Proinde</span> <span class='ocrx_word' id='word_1_120' title='bbox 1774 1146 1882 1184; x_wconf 88' lang='grc'>1166</span> <span class='ocrx_word' id='word_1_121' title='bbox 1935 1130 2277 1200; x_wconf 81' lang='lat' dir='ltr'>specialiter</span> <span class='ocrx_word' id='word_1_122' title='bbox 2335 1144 2438 1201; x_wconf 89' lang='lat' dir='ltr'>pro</span> 
     </span>
     <span class='ocr_line' id='line_1_13' title="bbox 202 1216 2438 1292; baseline -0.004 -11"><span class='ocrx_word' id='word_1_123' title='bbox 202 1228 287 1282; x_wconf 91' lang='lat' dir='ltr'>eis</span> <span class='ocrx_word' id='word_1_124' title='bbox 328 1240 515 1287; x_wconf 90' lang='lat' dir='ltr'>orare,</span> <span class='ocrx_word' id='word_1_125' title='bbox 556 1222 652 1278; x_wconf 82' lang='lat' dir='ltr'>vel</span> <span class='ocrx_word' id='word_1_126' title='bbox 695 1222 783 1277; x_wconf 89' lang='lat' dir='ltr'>eis</span> <span class='ocrx_word' id='word_1_127' title='bbox 823 1235 990 1291; x_wconf 89' lang='lat' dir='ltr'>opem</span> <span class='ocrx_word' id='word_1_128' title='bbox 1039 1219 1192 1274; x_wconf 86' lang='lat' dir='ltr'>ferre</span> <span class='ocrx_word' id='word_1_129' title='bbox 1235 1234 1478 1274; x_wconf 87' lang='lat' dir='ltr'>necesse</span> <span class='ocrx_word' id='word_1_130' title='bbox 1527 1221 1634 1281; x_wconf 91' lang='lat' dir='ltr'>est,</span> <span class='ocrx_word' id='word_1_131' title='bbox 1685 1218 1789 1273; x_wconf 89' lang='lat' dir='ltr'>sed</span> <span class='ocrx_word' id='word_1_132' title='bbox 1837 1221 2008 1288; x_wconf 87' lang='lat' dir='ltr'>prout</span> <span class='ocrx_word' id='word_1_133' title='bbox 2060 1219 2276 1275; x_wconf 88' lang='lat' dir='ltr'>ceteris</span> <span class='ocrx_word' id='word_1_134' title='bbox 2306 1216 2438 1292; x_wconf 87' lang='grc'>(20).</span> 
     </span>
     <span class='ocr_line' id='line_1_14' title="bbox 202 1306 2436 1382; baseline -0.004 -12"><span class='ocrx_word' id='word_1_135' title='bbox 202 1317 321 1370; x_wconf 84' lang='grc' dir='ltr'>Ν66</span> <span class='ocrx_word' id='word_1_136' title='bbox 362 1329 506 1382; x_wconf 92' lang='lat' dir='ltr'>opus</span> <span class='ocrx_word' id='word_1_137' title='bbox 548 1315 656 1374; x_wconf 89' lang='lat' dir='ltr'>est,</span> <span class='ocrx_word' id='word_1_138' title='bbox 698 1309 981 1380; x_wconf 88' lang='lat' dir='ltr'>specialia</span> <span class='ocrx_word' id='word_1_139' title='bbox 1022 1307 1476 1363; x_wconf 81' lang='lat' dir='ltr'>benevolentiae</span> <span class='ocrx_word' id='word_1_140' title='bbox 1518 1306 1690 1376; x_wconf 87' lang='lat' dir='ltr'>signa</span> <span class='ocrx_word' id='word_1_141' title='bbox 1732 1307 1817 1362; x_wconf 89' lang='lat' dir='ltr'>eis</span> <span class='ocrx_word' id='word_1_142' title='bbox 1847 1308 2126 1363; x_wconf 84' lang='lat' dir='ltr'>exhibere</span> <span class='ocrx_word' id='word_1_143' title='bbox 2159 1309 2294 1379; x_wconf 87' lang='grc'>(21);</span> <span class='ocrx_word' id='word_1_144' title='bbox 2324 1307 2436 1364; x_wconf 87' lang='lat' dir='ltr'>nisi</span> 
     </span>
     <span class='ocr_line' id='line_1_15' title="bbox 202 1393 2439 1469; baseline -0.002 -10"><span class='ocrx_word' id='word_1_145' title='bbox 202 1406 348 1459; x_wconf 88' lang='lat' dir='ltr'>sorte</span> <span class='ocrx_word' id='word_1_146' title='bbox 395 1401 471 1467; x_wconf 90' lang='lat'>1⁰,</span> <span class='ocrx_word' id='word_1_147' title='bbox 514 1402 605 1457; x_wconf 89' lang='lat' dir='ltr'>his</span> <span class='ocrx_word' id='word_1_148' title='bbox 645 1401 888 1462; x_wconf 79' lang='lat' dir='ltr'>omissiS,</span> <span class='ocrx_word' id='word_1_149' title='bbox 938 1397 1194 1452; x_wconf 85' lang='lat' dir='ltr'>videaris</span> <span class='ocrx_word' id='word_1_150' title='bbox 1235 1397 1428 1450; x_wconf 88' lang='lat' dir='ltr'>odium</span> <span class='ocrx_word' id='word_1_151' title='bbox 1470 1396 1666 1452; x_wconf 81' lang='lat' dir='ltr'>fovere</span> <span class='ocrx_word' id='word_1_152' title='bbox 1707 1393 1846 1467; x_wconf 82' lang='lat'>(22);</span> <span class='ocrx_word' id='word_1_153' title='bbox 1889 1399 1994 1452; x_wconf 89' lang='lat' dir='ltr'>aut</span> <span class='ocrx_word' id='word_1_154' title='bbox 2029 1398 2103 1462; x_wconf 80' lang='lat'>2⁰,</span> <span class='ocrx_word' id='word_1_155' title='bbox 2147 1398 2233 1454; x_wconf 92' lang='lat' dir='ltr'>eis</span> <span class='ocrx_word' id='word_1_156' title='bbox 2274 1413 2439 1469; x_wconf 87' lang='lat' dir='ltr'>prae·</span> 
     </span>
     <span class='ocr_line' id='line_1_16' title="bbox 202 1486 2442 1557; baseline -0.001 -10"><span class='ocrx_word' id='word_1_157' title='bbox 202 1494 375 1556; x_wconf 88' lang='lat' dir='ltr'>stitis,</span> <span class='ocrx_word' id='word_1_158' title='bbox 419 1491 691 1545; x_wconf 89' lang='lat' dir='ltr'>inimicus</span> <span class='ocrx_word' id='word_1_159' title='bbox 732 1488 964 1544; x_wconf 89' lang='lat' dir='ltr'>desinat</span> <span class='ocrx_word' id='word_1_160' title='bbox 1004 1487 1169 1549; x_wconf 85' lang='lat' dir='ltr'>odiis,</span> <span class='ocrx_word' id='word_1_161' title='bbox 1214 1488 1304 1541; x_wconf 90' lang='lat' dir='ltr'>est</span> <span class='ocrx_word' id='word_1_162' title='bbox 1347 1486 1502 1541; x_wconf 91' lang='lat' dir='ltr'>enim</span> <span class='ocrx_word' id='word_1_163' title='bbox 1545 1486 1729 1542; x_wconf 86' lang='lat' dir='ltr'>veluti</span> <span class='ocrx_word' id='word_1_164' title='bbox 1760 1501 1929 1557; x_wconf 90' lang='lat' dir='ltr'>opem</span> <span class='ocrx_word' id='word_1_165' title='bbox 1972 1487 2124 1543; x_wconf 87' lang='lat' dir='ltr'>ferre</span> <span class='ocrx_word' id='word_1_166' title='bbox 2155 1487 2208 1543; x_wconf 93' lang='lat' dir='ltr'>ei</span> <span class='ocrx_word' id='word_1_167' title='bbox 2251 1490 2312 1543; x_wconf 88' lang='lat' dir='ltr'>in</span> <span class='ocrx_word' id='word_1_168' title='bbox 2340 1503 2442 1545; x_wconf 87' lang='lat' dir='ltr'>ne·</span> 
     </span>
     <span class='ocr_line' id='line_1_17' title="bbox 204 1575 2439 1650; baseline -0.002 -13"><span class='ocrx_word' id='word_1_169' title='bbox 204 1582 482 1639; x_wconf 87' lang='lat' dir='ltr'>cessitate</span> <span class='ocrx_word' id='word_1_170' title='bbox 522 1578 815 1650; x_wconf 86' lang='lat' dir='ltr'>spirituali</span> <span class='ocrx_word' id='word_1_171' title='bbox 858 1576 995 1649; x_wconf 90' lang='grc'>(23);</span> <span class='ocrx_word' id='word_1_172' title='bbox 1039 1578 1143 1630; x_wconf 90' lang='lat' dir='ltr'>aut</span> <span class='ocrx_word' id='word_1_173' title='bbox 1185 1575 1416 1630; x_wconf 88' lang='lat' dir='ltr'>demum</span> <span class='ocrx_word' id='word_1_174' title='bbox 1465 1575 1541 1639; x_wconf 88' lang='lat'>3⁰,</span> <span class='ocrx_word' id='word_1_175' title='bbox 1597 1577 1749 1631; x_wconf 87' lang='lat' dir='ltr'>citra</span> <span class='ocrx_word' id='word_1_176' title='bbox 1795 1577 2135 1632; x_wconf 89' lang='lat' dir='ltr'>scandalum</span> <span class='ocrx_word' id='word_1_177' title='bbox 2183 1578 2439 1648; x_wconf 86' lang='lat' dir='ltr'>praeter-</span> 
     </span>
    </p>
   </div>
   <div class='ocr_carea' id='block_1_6' title="bbox 200 1753 1277 3855">
    <p class='ocr_par' dir='ltr' id='par_1_7' title="bbox 267 1753 1268 1814">
     <span class='ocr_line' id='line_1_18' title="bbox 267 1753 1268 1814; baseline -0.005 -11"><span class='ocrx_word' id='word_1_178' title='bbox 267 1758 322 1803; x_wconf 90' lang='grc'>12</span> <span class='ocrx_word' id='word_1_179' title='bbox 354 1758 430 1803; x_wconf 84' lang='lat' dir='ltr'>Ex</span> <span class='ocrx_word' id='word_1_180' title='bbox 461 1757 541 1801; x_wconf 77' lang='lat' dir='ltr'>Ps.</span> <span class='ocrx_word' id='word_1_181' title='bbox 565 1756 637 1809; x_wconf 89' lang='grc'>72,</span> <span class='ocrx_word' id='word_1_182' title='bbox 662 1755 703 1800; x_wconf 88' lang='grc'>3.</span> <span class='ocrx_word' id='word_1_183' title='bbox 731 1755 825 1800; x_wconf 88' lang='lat' dir='ltr'>Est</span> <span class='ocrx_word' id='word_1_184' title='bbox 857 1753 998 1799; x_wconf 89' lang='lat' dir='ltr'>zelus</span> <span class='ocrx_word' id='word_1_185' title='bbox 1018 1754 1268 1814; x_wconf 80' lang='lat' dir='ltr'>justitiae.</span> 
     </span>
    </p>

    <p class='ocr_par' dir='ltr' id='par_1_8' title="bbox 201 1824 1272 2226">
     <span class='ocr_line' id='line_1_19' title="bbox 271 1824 1270 1887; baseline -0.006 -12"><span class='ocrx_word' id='word_1_186' title='bbox 271 1831 322 1875; x_wconf 84' lang='lat'>13</span> <span class='ocrx_word' id='word_1_187' title='bbox 355 1828 413 1874; x_wconf 91' lang='lat' dir='ltr'>D.</span> <span class='ocrx_word' id='word_1_188' title='bbox 449 1828 555 1887; x_wconf 64' lang='lat' dir='ltr'>Th,</span> <span class='ocrx_word' id='word_1_189' title='bbox 587 1827 628 1879; x_wconf 86' lang='grc'>2,</span> <span class='ocrx_word' id='word_1_190' title='bbox 662 1828 705 1881; x_wconf 88' lang='grc'>2,</span> <span class='ocrx_word' id='word_1_191' title='bbox 738 1827 808 1882; x_wconf 88' lang='grc'>36,</span> <span class='ocrx_word' id='word_1_192' title='bbox 845 1827 878 1870; x_wconf 93' lang='lat' dir='ltr'>l.</span> <span class='ocrx_word' id='word_1_193' title='bbox 913 1826 977 1870; x_wconf 88' lang='lat' dir='ltr'>Et</span> <span class='ocrx_word' id='word_1_194' title='bbox 1010 1828 1088 1870; x_wconf 86' lang='lat' dir='ltr'>est</span> <span class='ocrx_word' id='word_1_195' title='bbox 1121 1824 1270 1870; x_wconf 87' lang='lat' dir='ltr'>letale</span> 
     </span>
     <span class='ocr_line' id='line_1_20' title="bbox 201 1895 1271 1959; baseline -0.007 -13"><span class='ocrx_word' id='word_1_196' title='bbox 201 1914 265 1946; x_wconf 86' lang='lat' dir='ltr'>ex</span> <span class='ocrx_word' id='word_1_197' title='bbox 288 1912 469 1959; x_wconf 84' lang='lat' dir='ltr'>genere</span> <span class='ocrx_word' id='word_1_198' title='bbox 490 1911 583 1943; x_wconf 92' lang='lat' dir='ltr'>suo</span> <span class='ocrx_word' id='word_1_199' title='bbox 603 1896 679 1952; x_wconf 89' lang='lat' dir='ltr'>(D.</span> <span class='ocrx_word' id='word_1_200' title='bbox 699 1896 802 1950; x_wconf 68' lang='lat' dir='ltr'>Th„</span> <span class='ocrx_word' id='word_1_201' title='bbox 819 1910 860 1942; x_wconf 91' lang='grc'>6.</span> <span class='ocrx_word' id='word_1_202' title='bbox 877 1895 939 1952; x_wconf 87' lang='lat'>3).</span> <span class='ocrx_word' id='word_1_203' title='bbox 963 1896 1271 1952; x_wconf 73' lang='lat' dir='ltr'>Temporah’,</span> 
     </span>
     <span class='ocr_line' id='line_1_21' title="bbox 202 1965 1270 2030; baseline -0.007 -14"><span class='ocrx_word' id='word_1_204' title='bbox 202 1971 324 2030; x_wconf 87' lang='lat' dir='ltr'>quia</span> <span class='ocrx_word' id='word_1_205' title='bbox 354 1969 546 2014; x_wconf 82' lang='lat' dir='ltr'>invidia</span> <span class='ocrx_word' id='word_1_206' title='bbox 578 1966 823 2012; x_wconf 81' lang='lat' dir='ltr'>fraternae</span> <span class='ocrx_word' id='word_1_207' title='bbox 866 1967 1059 2025; x_wconf 87' lang='lat' dir='ltr'>gratiae</span> <span class='ocrx_word' id='word_1_208' title='bbox 1105 1965 1270 2024; x_wconf 86' lang='lat' dir='ltr'>magis</span> 
     </span>
     <span class='ocr_line' id='line_1_22' title="bbox 203 2036 1272 2098; baseline -0.007 -11"><span class='ocrx_word' id='word_1_209' title='bbox 203 2043 378 2087; x_wconf 89' lang='lat' dir='ltr'>contra</span> <span class='ocrx_word' id='word_1_210' title='bbox 421 2038 595 2098; x_wconf 90' lang='lat' dir='ltr'>Spirit.</span> <span class='ocrx_word' id='word_1_211' title='bbox 632 2037 681 2083; x_wconf 89' lang='lat' dir='ltr'>S.</span> <span class='ocrx_word' id='word_1_212' title='bbox 720 2037 825 2097; x_wconf 82' lang='lat' dir='ltr'>(qui</span> <span class='ocrx_word' id='word_1_213' title='bbox 866 2036 1179 2095; x_wconf 85' lang='lat' dir='ltr'>glorificatur</span> <span class='ocrx_word' id='word_1_214' title='bbox 1221 2037 1272 2079; x_wconf 91' lang='lat' dir='ltr'>in</span> 
     </span>
     <span class='ocr_line' id='line_1_23' title="bbox 201 2106 1269 2169; baseline -0.007 -13"><span class='ocrx_word' id='word_1_215' title='bbox 201 2111 310 2156; x_wconf 91' lang='lat' dir='ltr'>suis</span> <span class='ocrx_word' id='word_1_216' title='bbox 345 2108 600 2169; x_wconf 80' lang='lat' dir='ltr'>operibus)</span> <span class='ocrx_word' id='word_1_217' title='bbox 636 2111 900 2167; x_wconf 88' lang='lat' dir='ltr'>peecatum</span> <span class='ocrx_word' id='word_1_218' title='bbox 945 2109 1035 2152; x_wconf 89' lang='lat' dir='ltr'>est.</span> <span class='ocrx_word' id='word_1_219' title='bbox 1074 2106 1131 2151; x_wconf 92' lang='lat' dir='ltr'>D.</span> <span class='ocrx_word' id='word_1_220' title='bbox 1166 2106 1269 2161; x_wconf 82' lang='lat' dir='ltr'>Th,</span> 
     </span>
     <span class='ocr_line' id='line_1_24' title="bbox 202 2179 483 2226; baseline 0 0"><span class='ocrx_word' id='word_1_221' title='bbox 202 2194 245 2226; x_wconf 88' lang='grc'>6.</span> <span class='ocrx_word' id='word_1_222' title='bbox 281 2181 309 2224; x_wconf 99' lang='lat'>4</span> <span class='ocrx_word' id='word_1_223' title='bbox 343 2179 408 2226; x_wconf 88' lang='lat' dir='ltr'>ad</span> <span class='ocrx_word' id='word_1_224' title='bbox 440 2180 483 2226; x_wconf 93' lang='grc'>2.</span> 
     </span>
    </p>

    <p class='ocr_par' dir='ltr' id='par_1_9' title="bbox 271 2249 1144 2307">
     <span class='ocr_line' id='line_1_25' title="bbox 271 2249 1144 2307; baseline -0.002 -12"><span class='ocrx_word' id='word_1_225' title='bbox 271 2253 322 2295; x_wconf 86' lang='grc'>14</span> <span class='ocrx_word' id='word_1_226' title='bbox 354 2252 536 2305; x_wconf 86' lang='lat' dir='ltr'>Levit.,</span> <span class='ocrx_word' id='word_1_227' title='bbox 565 2250 632 2303; x_wconf 93' lang='grc'>19,</span> <span class='ocrx_word' id='word_1_228' title='bbox 665 2251 736 2307; x_wconf 88' lang='grc'>17;</span> <span class='ocrx_word' id='word_1_229' title='bbox 771 2249 962 2299; x_wconf 79' lang='lat' dir='ltr'>Matth..</span> <span class='ocrx_word' id='word_1_230' title='bbox 995 2250 1038 2305; x_wconf 85' lang='lat'>5,</span> <span class='ocrx_word' id='word_1_231' title='bbox 1072 2250 1144 2294; x_wconf 90' lang='lat'>44.</span> 
     </span>
    </p>

    <p class='ocr_par' dir='ltr' id='par_1_10' title="bbox 200 2321 1277 3154">
     <span class='ocr_line' id='line_1_26' title="bbox 271 2321 1272 2380; baseline 0 -14"><span class='ocrx_word' id='word_1_232' title='bbox 271 2324 326 2367; x_wconf 87' lang='lat'>15</span> <span class='ocrx_word' id='word_1_233' title='bbox 347 2322 514 2377; x_wconf 85' lang='lat' dir='ltr'>Croix,</span> <span class='ocrx_word' id='word_1_234' title='bbox 535 2321 596 2375; x_wconf 89' lang='lat' dir='ltr'>II,</span> <span class='ocrx_word' id='word_1_235' title='bbox 623 2322 718 2365; x_wconf 87' lang='grc'>188.</span> <span class='ocrx_word' id='word_1_236' title='bbox 738 2321 803 2366; x_wconf 83' lang='lat' dir='ltr'>Et</span> <span class='ocrx_word' id='word_1_237' title='bbox 826 2322 868 2365; x_wconf 92' lang='lat' dir='ltr'>si</span> <span class='ocrx_word' id='word_1_238' title='bbox 894 2334 992 2366; x_wconf 90' lang='lat' dir='ltr'>non</span> <span class='ocrx_word' id='word_1_239' title='bbox 1018 2325 1272 2380; x_wconf 76' lang='lat' dir='ltr'>appareat,</span> 
     </span>
     <span class='ocr_line' id='line_1_27' title="bbox 204 2391 1271 2451; baseline -0.002 -12"><span class='ocrx_word' id='word_1_240' title='bbox 204 2397 317 2439; x_wconf 88' lang='lat' dir='ltr'>uter</span> <span class='ocrx_word' id='word_1_241' title='bbox 350 2393 484 2451; x_wconf 90' lang='lat' dir='ltr'>prior</span> <span class='ocrx_word' id='word_1_242' title='bbox 515 2391 688 2437; x_wconf 83' lang='lat' dir='ltr'>feeerit</span> <span class='ocrx_word' id='word_1_243' title='bbox 724 2392 976 2451; x_wconf 74' lang='lat' dir='ltr'>injuriam,</span> <span class='ocrx_word' id='word_1_244' title='bbox 1012 2392 1064 2436; x_wconf 90' lang='lat' dir='ltr'>in</span> <span class='ocrx_word' id='word_1_245' title='bbox 1090 2404 1140 2437; x_wconf 92' lang='lat' dir='ltr'>re</span> <span class='ocrx_word' id='word_1_246' title='bbox 1168 2394 1271 2438; x_wconf 84' lang='lat' dir='ltr'>tarn</span> 
     </span>
     <span class='ocr_line' id='line_1_28' title="bbox 205 2462 1274 2524; baseline -0.004 -16"><span class='ocrx_word' id='word_1_247' title='bbox 205 2462 504 2524; x_wconf 85' lang='lat' dir='ltr'>periculosa,</span> <span class='ocrx_word' id='word_1_248' title='bbox 529 2466 729 2507; x_wconf 89' lang='lat' dir='ltr'>tenetur</span> <span class='ocrx_word' id='word_1_249' title='bbox 757 2465 964 2521; x_wconf 86' lang='lat' dir='ltr'>uterque</span> <span class='ocrx_word' id='word_1_250' title='bbox 989 2462 1178 2519; x_wconf 88' lang='lat' dir='ltr'>(Salm.,</span> <span class='ocrx_word' id='word_1_251' title='bbox 1202 2462 1274 2518; x_wconf 93' lang='grc'>21,</span> 
     </span>
     <span class='ocr_line' id='line_1_29' title="bbox 206 2532 1274 2592; baseline 0 -14"><span class='ocrx_word' id='word_1_252' title='bbox 206 2535 250 2588; x_wconf 87' lang='grc'>6,</span> <span class='ocrx_word' id='word_1_253' title='bbox 274 2532 364 2591; x_wconf 87' lang='grc'>22).</span> <span class='ocrx_word' id='word_1_254' title='bbox 398 2532 649 2585; x_wconf 86' lang='lat' dir='ltr'>Ceterum,</span> <span class='ocrx_word' id='word_1_255' title='bbox 683 2533 810 2579; x_wconf 89' lang='lat' dir='ltr'>satis</span> <span class='ocrx_word' id='word_1_256' title='bbox 844 2536 936 2585; x_wconf 82' lang='lat' dir='ltr'>est,</span> <span class='ocrx_word' id='word_1_257' title='bbox 963 2547 1071 2578; x_wconf 88' lang='lat' dir='ltr'>eam</span> <span class='ocrx_word' id='word_1_258' title='bbox 1107 2535 1274 2592; x_wconf 88' lang='lat' dir='ltr'>petere</span> 
     </span>
     <span class='ocr_line' id='line_1_30' title="bbox 206 2602 1274 2661; baseline -0.002 -11"><span class='ocrx_word' id='word_1_259' title='bbox 206 2605 353 2657; x_wconf 80' lang='lat' dir='ltr'>facto,</span> <span class='ocrx_word' id='word_1_260' title='bbox 386 2605 437 2647; x_wconf 90' lang='lat' dir='ltr'>et</span> <span class='ocrx_word' id='word_1_261' title='bbox 469 2603 657 2661; x_wconf 67' lang='lat' dir='ltr'>reipsa,</span> <span class='ocrx_word' id='word_1_262' title='bbox 694 2602 867 2659; x_wconf 87' lang='lat' dir='ltr'>veluti,</span> <span class='ocrx_word' id='word_1_263' title='bbox 908 2604 950 2648; x_wconf 90' lang='lat' dir='ltr'>si</span> <span class='ocrx_word' id='word_1_264' title='bbox 996 2603 1039 2648; x_wconf 92' lang='lat' dir='ltr'>ei</span> <span class='ocrx_word' id='word_1_265' title='bbox 1083 2603 1274 2648; x_wconf 88' lang='lat' dir='ltr'>donum</span> 
     </span>
     <span class='ocr_line' id='line_1_31' title="bbox 206 2672 1275 2731; baseline -0.002 -12"><span class='ocrx_word' id='word_1_266' title='bbox 206 2674 420 2719; x_wconf 89' lang='lat' dir='ltr'>miseris.</span> <span class='ocrx_word' id='word_1_267' title='bbox 441 2673 621 2720; x_wconf 89' lang='lat' dir='ltr'>Cessat</span> <span class='ocrx_word' id='word_1_268' title='bbox 643 2675 766 2717; x_wconf 85' lang='lat' dir='ltr'>haec</span> <span class='ocrx_word' id='word_1_269' title='bbox 793 2672 1046 2731; x_wconf 84' lang='lat' dir='ltr'>obligatio,</span> <span class='ocrx_word' id='word_1_270' title='bbox 1066 2673 1108 2718; x_wconf 93' lang='lat' dir='ltr'>si</span> <span class='ocrx_word' id='word_1_271' title='bbox 1137 2674 1177 2716; x_wconf 91' lang='lat'>1⁰</span> <span class='ocrx_word' id='word_1_272' title='bbox 1202 2674 1275 2717; x_wconf 89' lang='lat' dir='ltr'>in·</span> 
     </span>
     <span class='ocr_line' id='line_1_32' title="bbox 200 2742 1277 2804; baseline -0.001 -16"><span class='ocrx_word' id='word_1_273' title='bbox 200 2743 389 2804; x_wconf 87' lang='lat' dir='ltr'>juriam</span> <span class='ocrx_word' id='word_1_274' title='bbox 409 2755 592 2802; x_wconf 90' lang='lat' dir='ltr'>passus</span> <span class='ocrx_word' id='word_1_275' title='bbox 614 2742 689 2787; x_wconf 91' lang='lat' dir='ltr'>vel</span> <span class='ocrx_word' id='word_1_276' title='bbox 716 2743 822 2801; x_wconf 90' lang='lat' dir='ltr'>pari</span> <span class='ocrx_word' id='word_1_277' title='bbox 849 2743 1033 2802; x_wconf 88' lang='lat' dir='ltr'>injuria</span> <span class='ocrx_word' id='word_1_278' title='bbox 1054 2743 1277 2789; x_wconf 85' lang='lat' dir='ltr'>affecerit</span> 
     </span>
     <span class='ocr_line' id='line_1_33' title="bbox 207 2812 1270 2873; baseline 0 -15"><span class='ocrx_word' id='word_1_279' title='bbox 207 2813 527 2873; x_wconf 88' lang='lat' dir='ltr'>injuriosum,</span> <span class='ocrx_word' id='word_1_280' title='bbox 553 2812 628 2857; x_wconf 88' lang='lat' dir='ltr'>vel</span> <span class='ocrx_word' id='word_1_281' title='bbox 651 2814 869 2871; x_wconf 88' lang='lat' dir='ltr'>petitam</span> <span class='ocrx_word' id='word_1_282' title='bbox 896 2813 1093 2859; x_wconf 87' lang='lat' dir='ltr'>veniam</span> <span class='ocrx_word' id='word_1_283' title='bbox 1130 2827 1270 2872; x_wconf 89' lang='lat' dir='ltr'>spre-</span> 
     </span>
     <span class='ocr_line' id='line_1_34' title="bbox 206 2883 1272 2943; baseline 0 -14"><span class='ocrx_word' id='word_1_284' title='bbox 206 2889 357 2929; x_wconf 87' lang='lat' dir='ltr'>turus</span> <span class='ocrx_word' id='word_1_285' title='bbox 389 2884 480 2939; x_wconf 84' lang='lat' dir='ltr'>sit3</span> <span class='ocrx_word' id='word_1_286' title='bbox 515 2886 606 2927; x_wconf 87' lang='lat' dir='ltr'>aut</span> <span class='ocrx_word' id='word_1_287' title='bbox 628 2883 677 2926; x_wconf 77' lang='grc' dir='ltr'>2ο</span> <span class='ocrx_word' id='word_1_288' title='bbox 702 2884 746 2927; x_wconf 92' lang='lat' dir='ltr'>is</span> <span class='ocrx_word' id='word_1_289' title='bbox 770 2883 856 2943; x_wconf 89' lang='lat' dir='ltr'>qui</span> <span class='ocrx_word' id='word_1_290' title='bbox 882 2883 998 2928; x_wconf 86' lang='lat' dir='ltr'>feeit</span> <span class='ocrx_word' id='word_1_291' title='bbox 1022 2884 1272 2943; x_wconf 87' lang='lat' dir='ltr'>injuriam,</span> 
     </span>
     <span class='ocr_line' id='line_1_35' title="bbox 208 2953 1270 3013; baseline 0 -14"><span class='ocrx_word' id='word_1_292' title='bbox 208 2955 252 2999; x_wconf 88' lang='grc'>61</span> <span class='ocrx_word' id='word_1_293' title='bbox 288 2954 366 2999; x_wconf 88' lang='grc'>6111</span> <span class='ocrx_word' id='word_1_294' title='bbox 402 2953 535 3010; x_wconf 85' lang='lat' dir='ltr'>fecit,</span> <span class='ocrx_word' id='word_1_295' title='bbox 566 2958 796 3012; x_wconf 88' lang='lat' dir='ltr'>praestet</span> <span class='ocrx_word' id='word_1_296' title='bbox 828 2955 1052 3013; x_wconf 85' lang='lat' dir='ltr'>imperio,</span> <span class='ocrx_word' id='word_1_297' title='bbox 1083 2953 1163 2999; x_wconf 92' lang='lat' dir='ltr'>vel</span> <span class='ocrx_word' id='word_1_298' title='bbox 1193 2954 1270 2999; x_wconf 89' lang='lat' dir='ltr'>di-</span> 
     </span>
     <span class='ocr_line' id='line_1_36' title="bbox 207 3023 1273 3083; baseline 0 -15"><span class='ocrx_word' id='word_1_299' title='bbox 207 3024 417 3083; x_wconf 85' lang='lat' dir='ltr'>gnitate,</span> <span class='ocrx_word' id='word_1_300' title='bbox 453 3023 532 3069; x_wconf 84' lang='lat' dir='ltr'>vcl</span> <span class='ocrx_word' id='word_1_301' title='bbox 564 3027 727 3077; x_wconf 83' lang='lat' dir='ltr'>statu3</span> <span class='ocrx_word' id='word_1_302' title='bbox 760 3024 861 3068; x_wconf 90' lang='lat' dir='ltr'>nisi</span> <span class='ocrx_word' id='word_1_303' title='bbox 894 3023 1020 3068; x_wconf 88' lang='lat' dir='ltr'>forte</span> <span class='ocrx_word' id='word_1_304' title='bbox 1056 3027 1273 3069; x_wconf 88' lang='lat' dir='ltr'>atrocem</span> 
     </span>
     <span class='ocr_line' id='line_1_37' title="bbox 208 3093 1074 3154; baseline 0.001 -16"><span class='ocrx_word' id='word_1_305' title='bbox 208 3094 445 3154; x_wconf 87' lang='lat' dir='ltr'>injuriam</span> <span class='ocrx_word' id='word_1_306' title='bbox 478 3093 666 3140; x_wconf 86' lang='lat' dir='ltr'>fecerit.</span> <span class='ocrx_word' id='word_1_307' title='bbox 700 3094 869 3151; x_wconf 83' lang='lat' dir='ltr'>Croix,</span> <span class='ocrx_word' id='word_1_308' title='bbox 901 3107 947 3139; x_wconf 89' lang='lat' dir='ltr'>n.</span> <span class='ocrx_word' id='word_1_309' title='bbox 979 3094 1074 3139; x_wconf 82' lang='lat'>189.</span> 
     </span>
    </p>

    <p class='ocr_par' dir='ltr' id='par_1_11' title="bbox 276 3164 722 3220">
     <span class='ocr_line' id='line_1_38' title="bbox 276 3164 722 3220; baseline -0.002 -12"><span class='ocrx_word' id='word_1_310' title='bbox 276 3164 329 3209; x_wconf 92' lang='grc'>16</span> <span class='ocrx_word' id='word_1_311' title='bbox 359 3164 552 3220; x_wconf 70' lang='lat' dir='ltr'>Matth„</span> <span class='ocrx_word' id='word_1_312' title='bbox 584 3165 626 3217; x_wconf 88' lang='grc'>6,</span> <span class='ocrx_word' id='word_1_313' title='bbox 654 3165 722 3208; x_wconf 94' lang='grc'>15.</span> 
     </span>
    </p>

    <p class='ocr_par' dir='ltr' id='par_1_12' title="bbox 209 3233 1277 3855">
     <span class='ocr_line' id='line_1_39' title="bbox 273 3233 1276 3291; baseline 0 -12"><span class='ocrx_word' id='word_1_314' title='bbox 273 3235 326 3279; x_wconf 86' lang='lat'>17</span> <span class='ocrx_word' id='word_1_315' title='bbox 361 3233 517 3289; x_wconf 86' lang='lat' dir='ltr'>Suar.,</span> <span class='ocrx_word' id='word_1_316' title='bbox 547 3237 614 3291; x_wconf 85' lang='lat'>15,</span> <span class='ocrx_word' id='word_1_317' title='bbox 636 3236 680 3290; x_wconf 86' lang='lat'>5,</span> <span class='ocrx_word' id='word_1_318' title='bbox 705 3237 746 3279; x_wconf 92' lang='lat'>9.</span> <span class='ocrx_word' id='word_1_319' title='bbox 772 3235 866 3281; x_wconf 84' lang='lat' dir='ltr'>Sed</span> <span class='ocrx_word' id='word_1_320' title='bbox 891 3249 987 3280; x_wconf 90' lang='lat' dir='ltr'>non</span> <span class='ocrx_word' id='word_1_321' title='bbox 1013 3234 1188 3280; x_wconf 85' lang='lat' dir='ltr'>statim</span> <span class='ocrx_word' id='word_1_322' title='bbox 1216 3234 1276 3280; x_wconf 91' lang='lat' dir='ltr'>ab</span> 
     </span>
     <span class='ocr_line' id='line_1_40' title="bbox 210 3305 1277 3367; baseline -0.001 -15"><span class='ocrx_word' id='word_1_323' title='bbox 210 3306 395 3367; x_wconf 84' lang='lat' dir='ltr'>injuria</span> <span class='ocrx_word' id='word_1_324' title='bbox 428 3305 584 3358; x_wconf 90' lang='lat' dir='ltr'>illata,</span> <span class='ocrx_word' id='word_1_325' title='bbox 618 3307 739 3366; x_wconf 89' lang='lat' dir='ltr'>quia</span> <span class='ocrx_word' id='word_1_326' title='bbox 773 3306 1105 3352; x_wconf 84' lang='lat' dir='ltr'>durissimum</span> <span class='ocrx_word' id='word_1_327' title='bbox 1151 3306 1277 3351; x_wconf 86' lang='lat' dir='ltr'>foret</span> 
     </span>
     <span class='ocr_line' id='line_1_41' title="bbox 211 3376 1271 3436; baseline -0.001 -13"><span class='ocrx_word' id='word_1_328' title='bbox 211 3379 282 3434; x_wconf 89' lang='lat' dir='ltr'>(S.</span> <span class='ocrx_word' id='word_1_329' title='bbox 305 3376 469 3436; x_wconf 66' lang='lat' dir='ltr'>Alph„</span> <span class='ocrx_word' id='word_1_330' title='bbox 492 3376 554 3430; x_wconf 90' lang='lat' dir='ltr'>II,</span> <span class='ocrx_word' id='word_1_331' title='bbox 589 3377 678 3428; x_wconf 91' lang='grc'>29).</span> <span class='ocrx_word' id='word_1_332' title='bbox 712 3377 1070 3433; x_wconf 86' lang='lat' dir='ltr'>Nihilominus,</span> <span class='ocrx_word' id='word_1_333' title='bbox 1095 3377 1141 3423; x_wconf 86' lang='lat' dir='ltr'>S.</span> <span class='ocrx_word' id='word_1_334' title='bbox 1168 3381 1271 3422; x_wconf 86' lang='lat' dir='ltr'>An·</span> 
     </span>
     <span class='ocr_line' id='line_1_42' title="bbox 209 3446 1275 3507; baseline -0.001 -14"><span class='ocrx_word' id='word_1_335' title='bbox 209 3447 367 3494; x_wconf 75' lang='lat' dir='ltr'>tonIn.</span> <span class='ocrx_word' id='word_1_336' title='bbox 401 3446 469 3502; x_wconf 89' lang='lat' dir='ltr'>(P.</span> <span class='ocrx_word' id='word_1_337' title='bbox 508 3446 572 3502; x_wconf 88' lang='grc' dir='ltr'>ΙΙ,</span> <span class='ocrx_word' id='word_1_338' title='bbox 617 3447 710 3491; x_wconf 88' lang='lat' dir='ltr'>Tit.</span> <span class='ocrx_word' id='word_1_339' title='bbox 746 3447 876 3503; x_wconf 85' lang='lat' dir='ltr'>VIII,</span> <span class='ocrx_word' id='word_1_340' title='bbox 911 3448 1030 3507; x_wconf 89' lang='lat' dir='ltr'>Cap.</span> <span class='ocrx_word' id='word_1_341' title='bbox 1073 3447 1115 3500; x_wconf 91' lang='grc'>2,</span> <span class='ocrx_word' id='word_1_342' title='bbox 1159 3451 1188 3501; x_wconf 72' lang='grc' dir='ltr'><strong>ἓ</strong></span> <span class='ocrx_word' id='word_1_343' title='bbox 1227 3448 1275 3503; x_wconf 70' lang='grc'>6)</span> 
     </span>
     <span class='ocr_line' id='line_1_43' title="bbox 210 3516 1275 3577; baseline 0.001 -15"><span class='ocrx_word' id='word_1_344' title='bbox 210 3519 372 3577; x_wconf 87' lang='lat' dir='ltr'>putat,</span> <span class='ocrx_word' id='word_1_345' title='bbox 405 3516 657 3562; x_wconf 88' lang='lat' dir='ltr'>neminem</span> <span class='ocrx_word' id='word_1_346' title='bbox 684 3518 840 3562; x_wconf 78' lang='lat' dir='ltr'>teneri</span> <span class='ocrx_word' id='word_1_347' title='bbox 866 3518 1005 3576; x_wconf 91' lang='lat' dir='ltr'>loqui</span> <span class='ocrx_word' id='word_1_348' title='bbox 1029 3517 1275 3572; x_wconf 85' lang='lat' dir='ltr'>offensori,</span> 
     </span>
     <span class='ocr_line' id='line_1_44' title="bbox 209 3586 1276 3647; baseline 0.002 -16"><span class='ocrx_word' id='word_1_349' title='bbox 209 3588 298 3646; x_wconf 90' lang='lat' dir='ltr'>qui</span> <span class='ocrx_word' id='word_1_350' title='bbox 330 3589 644 3643; x_wconf 75' lang='lat' dir='ltr'>condiynam</span> <span class='ocrx_word' id='word_1_351' title='bbox 668 3586 1084 3641; x_wconf 83' lang='lat' dir='ltr'>satisfactionem,</span> <span class='ocrx_word' id='word_1_352' title='bbox 1118 3600 1276 3647; x_wconf 91' lang='lat' dir='ltr'>quum</span> 
     </span>
     <span class='ocr_line' id='line_1_45' title="bbox 209 3655 1277 3714; baseline 0.004 -14"><span class='ocrx_word' id='word_1_353' title='bbox 209 3659 396 3714; x_wconf 88' lang='lat' dir='ltr'>potest,</span> <span class='ocrx_word' id='word_1_354' title='bbox 428 3669 526 3701; x_wconf 90' lang='lat' dir='ltr'>non</span> <span class='ocrx_word' id='word_1_355' title='bbox 560 3655 779 3701; x_wconf 84' lang='lat' dir='ltr'>exhibet.</span> <span class='ocrx_word' id='word_1_356' title='bbox 811 3657 960 3702; x_wconf 89' lang='lat' dir='ltr'>Porro</span> <span class='ocrx_word' id='word_1_357' title='bbox 982 3659 1277 3704; x_wconf 79' lang='lat' dir='ltr'>eommunia</span> 
     </span>
     <span class='ocr_line' id='line_1_46' title="bbox 211 3724 1276 3784; baseline 0.004 -14"><span class='ocrx_word' id='word_1_358' title='bbox 211 3724 587 3771; x_wconf 85' lang='lat' dir='ltr'>benevolentiae</span> <span class='ocrx_word' id='word_1_359' title='bbox 606 3725 754 3784; x_wconf 87' lang='lat' dir='ltr'>signa</span> <span class='ocrx_word' id='word_1_360' title='bbox 773 3726 996 3784; x_wconf 77' lang='lat' dir='ltr'>accipere</span> <span class='ocrx_word' id='word_1_361' title='bbox 1020 3727 1276 3783; x_wconf 88' lang='lat' dir='ltr'>debemus,</span> 
     </span>
     <span class='ocr_line' id='line_1_47' title="bbox 215 3794 1276 3855; baseline 0.004 -16"><span class='ocrx_word' id='word_1_362' title='bbox 215 3807 344 3855; x_wconf 87' lang='lat' dir='ltr'>quae</span> <span class='ocrx_word' id='word_1_363' title='bbox 369 3796 547 3841; x_wconf 88' lang='lat' dir='ltr'>ceteris</span> <span class='ocrx_word' id='word_1_364' title='bbox 571 3794 795 3855; x_wconf 82' lang='lat' dir='ltr'>eJ‘usdem</span> <span class='ocrx_word' id='word_1_365' title='bbox 820 3795 1137 3854; x_wconf 88' lang='lat' dir='ltr'>conditionis,</span> <span class='ocrx_word' id='word_1_366' title='bbox 1160 3811 1203 3843; x_wconf 84' lang='lat' dir='ltr'>v.</span> <span class='ocrx_word' id='word_1_367' title='bbox 1223 3811 1276 3854; x_wconf 91' lang='lat' dir='ltr'>c.,</span> 
     </span>
    </p>
   </div>
   <div class='ocr_carea' id='block_1_7' title="bbox 1373 1753 2444 2523">
    <p class='ocr_par' dir='ltr' id='par_1_13' title="bbox 1373 1753 2444 2171">
     <span class='ocr_line' id='line_1_48' title="bbox 1373 1753 2436 1811; baseline 0.003 -12"><span class='ocrx_word' id='word_1_368' title='bbox 1373 1754 1552 1799; x_wconf 87' lang='lat' dir='ltr'>ceteris</span> <span class='ocrx_word' id='word_1_369' title='bbox 1586 1753 1796 1811; x_wconf 88' lang='lat' dir='ltr'>civibus,</span> <span class='ocrx_word' id='word_1_370' title='bbox 1829 1755 2009 1802; x_wconf 89' lang='lat' dir='ltr'>ceteris</span> <span class='ocrx_word' id='word_1_371' title='bbox 2034 1754 2230 1810; x_wconf 84' lang='lat' dir='ltr'>vicinis,</span> <span class='ocrx_word' id='word_1_372' title='bbox 2254 1757 2436 1803; x_wconf 81' lang='lat' dir='ltr'>ceteris</span> 
     </span>
     <span class='ocr_line' id='line_1_49' title="bbox 1374 1824 2443 1885; baseline 0.002 -16"><span class='ocrx_word' id='word_1_373' title='bbox 1374 1825 1617 1884; x_wconf 84' lang='lat' dir='ltr'>cognatis,</span> <span class='ocrx_word' id='word_1_374' title='bbox 1657 1826 1902 1885; x_wconf 87' lang='lat' dir='ltr'>praestari</span> <span class='ocrx_word' id='word_1_375' title='bbox 1944 1825 2107 1872; x_wconf 85' lang='lat' dir='ltr'>solent</span> <span class='ocrx_word' id='word_1_376' title='bbox 2144 1824 2334 1884; x_wconf 82' lang='lat' dir='ltr'>(Salm.,</span> <span class='ocrx_word' id='word_1_377' title='bbox 2363 1826 2443 1882; x_wconf 88' lang='grc'>21,</span> 
     </span>
     <span class='ocr_line' id='line_1_50' title="bbox 1374 1895 2443 1958; baseline 0.004 -18"><span class='ocrx_word' id='word_1_378' title='bbox 1374 1897 1416 1949; x_wconf 93' lang='grc'>6,</span> <span class='ocrx_word' id='word_1_379' title='bbox 1465 1896 1550 1955; x_wconf 85' lang='grc'>19).</span> <span class='ocrx_word' id='word_1_380' title='bbox 1598 1895 1955 1953; x_wconf 78' lang='lat' dir='ltr'>Nihilominus,</span> <span class='ocrx_word' id='word_1_381' title='bbox 2009 1902 2164 1956; x_wconf 84' lang='lat' dir='ltr'>pater,</span> <span class='ocrx_word' id='word_1_382' title='bbox 2211 1897 2443 1958; x_wconf 81' lang='lat' dir='ltr'>superior</span> 
     </span>
     <span class='ocr_line' id='line_1_51' title="bbox 1376 1967 2441 2027; baseline 0.005 -17"><span class='ocrx_word' id='word_1_383' title='bbox 1376 1969 1543 2026; x_wconf 86' lang='lat' dir='ltr'>potest</span> <span class='ocrx_word' id='word_1_384' title='bbox 1576 1969 1699 2013; x_wconf 88' lang='lat' dir='ltr'>haec</span> <span class='ocrx_word' id='word_1_385' title='bbox 1725 1968 1954 2014; x_wconf 89' lang='lat' dir='ltr'>omittere</span> <span class='ocrx_word' id='word_1_386' title='bbox 1983 1972 2098 2021; x_wconf 89' lang='lat' dir='ltr'>(non</span> <span class='ocrx_word' id='word_1_387' title='bbox 2123 1967 2212 2014; x_wconf 89' lang='lat' dir='ltr'>diu</span> <span class='ocrx_word' id='word_1_388' title='bbox 2235 1969 2441 2027; x_wconf 86' lang='lat' dir='ltr'>tamen),</span> 
     </span>
     <span class='ocr_line' id='line_1_52' title="bbox 1377 2038 2444 2100; baseline 0.004 -18"><span class='ocrx_word' id='word_1_389' title='bbox 1377 2041 1434 2082; x_wconf 91' lang='lat' dir='ltr'>ut</span> <span class='ocrx_word' id='word_1_390' title='bbox 1459 2038 1661 2096; x_wconf 87' lang='lat' dir='ltr'>justum</span> <span class='ocrx_word' id='word_1_391' title='bbox 1696 2038 1931 2093; x_wconf 90' lang='lat' dir='ltr'>dolorem,</span> <span class='ocrx_word' id='word_1_392' title='bbox 1957 2042 2045 2085; x_wconf 88' lang='lat' dir='ltr'>aut</span> <span class='ocrx_word' id='word_1_393' title='bbox 2066 2039 2255 2086; x_wconf 86' lang='lat' dir='ltr'>laesam</span> <span class='ocrx_word' id='word_1_394' title='bbox 2279 2038 2444 2100; x_wconf 80' lang='lat' dir='ltr'>digni·</span> 
     </span>
     <span class='ocr_line' id='line_1_53' title="bbox 1378 2108 2292 2171; baseline 0.003 -18"><span class='ocrx_word' id='word_1_395' title='bbox 1378 2112 1534 2154; x_wconf 85' lang='lat' dir='ltr'>tatem</span> <span class='ocrx_word' id='word_1_396' title='bbox 1571 2108 1817 2155; x_wconf 89' lang='lat' dir='ltr'>ostendat.</span> <span class='ocrx_word' id='word_1_397' title='bbox 1854 2109 1903 2156; x_wconf 90' lang='lat' dir='ltr'>S.</span> <span class='ocrx_word' id='word_1_398' title='bbox 1925 2109 2094 2171; x_wconf 85' lang='lat' dir='ltr'>Alph.,</span> <span class='ocrx_word' id='word_1_399' title='bbox 2124 2109 2186 2167; x_wconf 92' lang='lat'>11,</span> <span class='ocrx_word' id='word_1_400' title='bbox 2219 2111 2292 2156; x_wconf 84' lang='grc'>28.</span> 
     </span>
    </p>

    <p class='ocr_par' dir='ltr' id='par_1_14' title="bbox 1444 2180 1900 2235">
     <span class='ocr_line' id='line_1_54' title="bbox 1444 2180 1900 2235; baseline 0.007 -12"><span class='ocrx_word' id='word_1_401' title='bbox 1444 2181 1496 2223; x_wconf 87' lang='lat'>18</span> <span class='ocrx_word' id='word_1_402' title='bbox 1530 2180 1723 2234; x_wconf 65' lang='lat' dir='ltr'>Matth„</span> <span class='ocrx_word' id='word_1_403' title='bbox 1756 2183 1797 2235; x_wconf 92' lang='lat'>5,</span> <span class='ocrx_word' id='word_1_404' title='bbox 1829 2183 1900 2226; x_wconf 80' lang='lat'>44.</span> 
     </span>
    </p>

    <p class='ocr_par' dir='ltr' id='par_1_15' title="bbox 1380 2250 2442 2442">
     <span class='ocr_line' id='line_1_55' title="bbox 1445 2250 2442 2311; baseline 0.006 -17"><span class='ocrx_word' id='word_1_405' title='bbox 1445 2251 1495 2295; x_wconf 93' lang='grc'>19</span> <span class='ocrx_word' id='word_1_406' title='bbox 1529 2251 1587 2297; x_wconf 88' lang='lat' dir='ltr'>D.</span> <span class='ocrx_word' id='word_1_407' title='bbox 1620 2252 1726 2303; x_wconf 90' lang='lat' dir='ltr'>Th.,</span> <span class='ocrx_word' id='word_1_408' title='bbox 1760 2253 1800 2306; x_wconf 87' lang='grc'>2,</span> <span class='ocrx_word' id='word_1_409' title='bbox 1836 2251 1876 2308; x_wconf 90' lang='grc'>2,</span> <span class='ocrx_word' id='word_1_410' title='bbox 1910 2251 1984 2310; x_wconf 88' lang='grc'>25,</span> <span class='ocrx_word' id='word_1_411' title='bbox 2016 2252 2056 2298; x_wconf 92' lang='grc'>8.</span> <span class='ocrx_word' id='word_1_412' title='bbox 2091 2251 2244 2298; x_wconf 90' lang='lat' dir='ltr'>Velut</span> <span class='ocrx_word' id='word_1_413' title='bbox 2274 2250 2442 2311; x_wconf 76' lang='lat' dir='ltr'>Indos,</span> 
     </span>
     <span class='ocr_line' id='line_1_56' title="bbox 1380 2321 2442 2382; baseline 0.004 -16"><span class='ocrx_word' id='word_1_414' title='bbox 1380 2322 1671 2382; x_wconf 87' lang='lat' dir='ltr'>Aethiopes.</span> <span class='ocrx_word' id='word_1_415' title='bbox 1696 2323 1754 2367; x_wconf 93' lang='lat' dir='ltr'>D.</span> <span class='ocrx_word' id='word_1_416' title='bbox 1772 2321 1874 2378; x_wconf 75' lang='lat' dir='ltr'>Th„</span> <span class='ocrx_word' id='word_1_417' title='bbox 1897 2325 1969 2370; x_wconf 88' lang='lat' dir='ltr'>De</span> <span class='ocrx_word' id='word_1_418' title='bbox 2001 2324 2201 2378; x_wconf 62' lang='lat' dir='ltr'>virtut„</span> <span class='ocrx_word' id='word_1_419' title='bbox 2222 2324 2374 2381; x_wconf 86' lang='lat' dir='ltr'>Quae.</span> <span class='ocrx_word' id='word_1_420' title='bbox 2398 2322 2442 2380; x_wconf 79' lang='lat'>2,</span> 
     </span>
     <span class='ocr_line' id='line_1_57' title="bbox 1380 2394 1840 2442; baseline 0.007 -3"><span class='ocrx_word' id='word_1_421' title='bbox 1380 2395 1472 2439; x_wconf 88' lang='lat' dir='ltr'>art.</span> <span class='ocrx_word' id='word_1_422' title='bbox 1504 2394 1546 2438; x_wconf 89' lang='lat'>8.</span> <span class='ocrx_word' id='word_1_423' title='bbox 1831 2436 1840 2442; x_wconf 87' lang='lat'>.</span> 
     </span>
    </p>

    <p class='ocr_par' dir='ltr' id='par_1_16' title="bbox 1439 2463 2053 2523">
     <span class='ocr_line' id='line_1_58' title="bbox 1439 2463 2053 2523; baseline 0.003 -15"><span class='ocrx_word' id='word_1_424' title='bbox 1439 2464 1497 2508; x_wconf 89' lang='grc'>20</span> <span class='ocrx_word' id='word_1_425' title='bbox 1530 2464 1585 2510; x_wconf 92' lang='lat' dir='ltr'>D.</span> <span class='ocrx_word' id='word_1_426' title='bbox 1615 2464 1720 2523; x_wconf 65' lang='lat' dir='ltr'>Th„</span> <span class='ocrx_word' id='word_1_427' title='bbox 1755 2463 1795 2520; x_wconf 89' lang='grc'>2,</span> <span class='ocrx_word' id='word_1_428' title='bbox 1829 2465 1873 2521; x_wconf 92' lang='grc'>2,</span> <span class='ocrx_word' id='word_1_429' title='bbox 1904 2465 1976 2521; x_wconf 89' lang='grc'>25,</span> <span class='ocrx_word' id='word_1_430' title='bbox 2009 2465 2053 2511; x_wconf 90' lang='grc'>9.</span> 
     </span>
    </p>
   </div>
   <div class='ocr_carea' id='block_1_8' title="bbox 1439 2535 2467 2598">
    <p class='ocr_par' dir='ltr' id='par_1_17' title="bbox 1439 2535 2467 2598">
     <span class='ocr_line' id='line_1_59' title="bbox 1439 2535 2467 2598; baseline 0.007 -20"><span class='ocrx_word' id='word_1_431' title='bbox 1439 2535 1490 2579; x_wconf 89' lang='grc'>21</span> <span class='ocrx_word' id='word_1_432' title='bbox 1514 2535 1572 2581; x_wconf 90' lang='lat' dir='ltr'>D.</span> <span class='ocrx_word' id='word_1_433' title='bbox 1594 2535 1697 2590; x_wconf 70' lang='lat' dir='ltr'>Th,</span> <span class='ocrx_word' id='word_1_434' title='bbox 1719 2535 1801 2581; x_wconf 88' lang='lat' dir='ltr'>eit.</span> <span class='ocrx_word' id='word_1_435' title='bbox 1821 2537 1913 2581; x_wconf 88' lang='lat' dir='ltr'>art.</span> <span class='ocrx_word' id='word_1_436' title='bbox 1930 2535 1973 2580; x_wconf 91' lang='lat'>9.</span> <span class='ocrx_word' id='word_1_437' title='bbox 1991 2535 2057 2580; x_wconf 87' lang='lat' dir='ltr'>Ut</span> <span class='ocrx_word' id='word_1_438' title='bbox 2075 2548 2200 2591; x_wconf 90' lang='lat' dir='ltr'>ecce,</span> <span class='ocrx_word' id='word_1_439' title='bbox 2219 2536 2444 2598; x_wconf 88' lang='lat' dir='ltr'>hospitio</span> <span class='ocrx_word' id='word_1_440' title='bbox 2461 2537 2467 2549; x_wconf 75' lang='lat'><em>⁶</em></span> 
     </span>
    </p>
   </div>
   <div class='ocr_carea' id='block_1_9' title="bbox 1378 2605 2448 3710">
    <p class='ocr_par' dir='ltr' id='par_1_18' title="bbox 1378 2605 2444 2733">
     <span class='ocr_line' id='line_1_60' title="bbox 1379 2605 2444 2666; baseline 0.004 -15"><span class='ocrx_word' id='word_1_441' title='bbox 1379 2618 1463 2651; x_wconf 91' lang='lat' dir='ltr'>eos</span> <span class='ocrx_word' id='word_1_442' title='bbox 1500 2605 1731 2665; x_wconf 88' lang='lat' dir='ltr'>recipere,</span> <span class='ocrx_word' id='word_1_443' title='bbox 1758 2607 1987 2664; x_wconf 87' lang='lat' dir='ltr'>aegrotos</span> <span class='ocrx_word' id='word_1_444' title='bbox 2015 2605 2247 2666; x_wconf 86' lang='lat' dir='ltr'>invisere,</span> <span class='ocrx_word' id='word_1_445' title='bbox 2269 2606 2444 2656; x_wconf 66' lang='lat' dir='ltr'>obvios</span> 
     </span>
     <span class='ocr_line' id='line_1_61' title="bbox 1378 2676 2351 2733; baseline 0.003 -11"><span class='ocrx_word' id='word_1_446' title='bbox 1378 2676 1615 2722; x_wconf 86' lang='lat' dir='ltr'>salutare.</span> <span class='ocrx_word' id='word_1_447' title='bbox 1648 2676 1870 2730; x_wconf 85' lang='lat' dir='ltr'>Salmat.,</span> <span class='ocrx_word' id='word_1_448' title='bbox 1905 2676 2036 2730; x_wconf 87' lang='lat' dir='ltr'>XXI,</span> <span class='ocrx_word' id='word_1_449' title='bbox 2069 2677 2150 2732; x_wconf 92' lang='lat' dir='ltr'>VI,</span> <span class='ocrx_word' id='word_1_450' title='bbox 2177 2677 2245 2733; x_wconf 89' lang='lat'>19,</span> <span class='ocrx_word' id='word_1_451' title='bbox 2279 2676 2351 2726; x_wconf 69' lang='lat'>20.</span> 
     </span>
    </p>

    <p class='ocr_par' dir='ltr' id='par_1_19' title="bbox 1378 2746 2448 3710">
     <span class='ocr_line' id='line_1_62' title="bbox 1439 2746 2444 2806; baseline 0.007 -17"><span class='ocrx_word' id='word_1_452' title='bbox 1439 2746 1498 2789; x_wconf 85' lang='grc'>22</span> <span class='ocrx_word' id='word_1_453' title='bbox 1531 2746 1687 2799; x_wconf 86' lang='lat' dir='ltr'>Suar.,</span> <span class='ocrx_word' id='word_1_454' title='bbox 1715 2746 1770 2800; x_wconf 91' lang='lat' dir='ltr'>V,</span> <span class='ocrx_word' id='word_1_455' title='bbox 1795 2748 1836 2800; x_wconf 89' lang='lat'>5,</span> <span class='ocrx_word' id='word_1_456' title='bbox 1862 2749 1909 2802; x_wconf 88' lang='lat'>7;</span> <span class='ocrx_word' id='word_1_457' title='bbox 1938 2746 1987 2793; x_wconf 91' lang='lat' dir='ltr'>S.</span> <span class='ocrx_word' id='word_1_458' title='bbox 2012 2747 2177 2806; x_wconf 70' lang='lat' dir='ltr'>Alph„</span> <span class='ocrx_word' id='word_1_459' title='bbox 2198 2746 2259 2804; x_wconf 88' lang='lat' dir='ltr'>II,</span> <span class='ocrx_word' id='word_1_460' title='bbox 2282 2747 2355 2795; x_wconf 82' lang='lat'>28.</span> <span class='ocrx_word' id='word_1_461' title='bbox 2376 2751 2444 2800; x_wconf 74' lang='lat' dir='ltr'>At</span> 
     </span>
     <span class='ocr_line' id='line_1_63' title="bbox 1378 2815 2446 2879; baseline 0.007 -19"><span class='ocrx_word' id='word_1_462' title='bbox 1378 2829 1529 2875; x_wconf 89' lang='lat' dir='ltr'>grave</span> <span class='ocrx_word' id='word_1_463' title='bbox 1555 2818 1646 2875; x_wconf 88' lang='lat' dir='ltr'>est,</span> <span class='ocrx_word' id='word_1_464' title='bbox 1665 2817 1736 2860; x_wconf 87' lang='lat' dir='ltr'>eis</span> <span class='ocrx_word' id='word_1_465' title='bbox 1760 2829 1859 2861; x_wconf 91' lang='lat' dir='ltr'>non</span> <span class='ocrx_word' id='word_1_466' title='bbox 1884 2815 2118 2864; x_wconf 81' lang='lat' dir='ltr'>exhibere</span> <span class='ocrx_word' id='word_1_467' title='bbox 2145 2818 2293 2879; x_wconf 83' lang='lat' dir='ltr'>signa</span> <span class='ocrx_word' id='word_1_468' title='bbox 2314 2832 2446 2867; x_wconf 90' lang='lat' dir='ltr'>com-</span> 
     </span>
     <span class='ocr_line' id='line_1_64' title="bbox 1383 2885 2446 2943; baseline 0.007 -12"><span class='ocrx_word' id='word_1_469' title='bbox 1383 2886 1554 2932; x_wconf 87' lang='lat' dir='ltr'>munis</span> <span class='ocrx_word' id='word_1_470' title='bbox 1588 2885 1978 2941; x_wconf 87' lang='lat' dir='ltr'>benevolentiae,</span> <span class='ocrx_word' id='word_1_471' title='bbox 2015 2902 2055 2934; x_wconf 88' lang='lat' dir='ltr'>v.</span> <span class='ocrx_word' id='word_1_472' title='bbox 2089 2902 2147 2943; x_wconf 89' lang='lat' dir='ltr'>c.,</span> <span class='ocrx_word' id='word_1_473' title='bbox 2182 2890 2446 2938; x_wconf 87' lang='lat' dir='ltr'>inimicum</span> 
     </span>
     <span class='ocr_line' id='line_1_65' title="bbox 1383 2956 2446 3019; baseline 0.008 -18"><span class='ocrx_word' id='word_1_474' title='bbox 1383 2956 1586 3002; x_wconf 87' lang='lat' dir='ltr'>obvium</span> <span class='ocrx_word' id='word_1_475' title='bbox 1628 2969 1729 3003; x_wconf 90' lang='lat' dir='ltr'>non</span> <span class='ocrx_word' id='word_1_476' title='bbox 1777 2958 2056 3005; x_wconf 89' lang='lat' dir='ltr'>resalutare</span> <span class='ocrx_word' id='word_1_477' title='bbox 2098 2959 2279 3017; x_wconf 78' lang='lat' dir='ltr'>(Suar.,</span> <span class='ocrx_word' id='word_1_478' title='bbox 2310 2974 2359 3008; x_wconf 86' lang='lat' dir='ltr'>n.</span> <span class='ocrx_word' id='word_1_479' title='bbox 2390 2962 2446 3019; x_wconf 80' lang='lat'>83</span> 
     </span>
     <span class='ocr_line' id='line_1_66' title="bbox 1382 3027 2444 3089; baseline 0.006 -17"><span class='ocrx_word' id='word_1_480' title='bbox 1382 3027 1430 3073; x_wconf 90' lang='lat' dir='ltr'>S.</span> <span class='ocrx_word' id='word_1_481' title='bbox 1455 3027 1622 3086; x_wconf 70' lang='lat' dir='ltr'>Alph,</span> <span class='ocrx_word' id='word_1_482' title='bbox 1648 3027 1677 3072; x_wconf 94' lang='lat' dir='ltr'>l.</span> <span class='ocrx_word' id='word_1_483' title='bbox 1712 3030 1796 3085; x_wconf 89' lang='lat' dir='ltr'>c.):</span> <span class='ocrx_word' id='word_1_484' title='bbox 1830 3027 1983 3075; x_wconf 90' lang='lat' dir='ltr'>immo</span> <span class='ocrx_word' id='word_1_485' title='bbox 2007 3032 2056 3075; x_wconf 90' lang='lat' dir='ltr'>et</span> <span class='ocrx_word' id='word_1_486' title='bbox 2085 3043 2183 3076; x_wconf 90' lang='lat' dir='ltr'>non</span> <span class='ocrx_word' id='word_1_487' title='bbox 2207 3029 2444 3089; x_wconf 82' lang='lat' dir='ltr'>salutare,</span> 
     </span>
     <span class='ocr_line' id='line_1_67' title="bbox 1385 3097 2447 3157; baseline 0.007 -15"><span class='ocrx_word' id='word_1_488' title='bbox 1385 3097 1427 3142; x_wconf 90' lang='lat' dir='ltr'>si</span> <span class='ocrx_word' id='word_1_489' title='bbox 1462 3099 1693 3157; x_wconf 71' lang='lat' dir='ltr'>superior</span> <span class='ocrx_word' id='word_1_490' title='bbox 1716 3100 1837 3143; x_wconf 89' lang='lat' dir='ltr'>tuus</span> <span class='ocrx_word' id='word_1_491' title='bbox 1861 3099 1948 3144; x_wconf 89' lang='lat' dir='ltr'>sit:</span> <span class='ocrx_word' id='word_1_492' title='bbox 1974 3100 2015 3145; x_wconf 88' lang='lat' dir='ltr'>si</span> <span class='ocrx_word' id='word_1_493' title='bbox 2040 3103 2231 3147; x_wconf 86' lang='lat' dir='ltr'>ceteros</span> <span class='ocrx_word' id='word_1_494' title='bbox 2257 3113 2447 3157; x_wconf 74' lang='grc'>61111168,</span> 
     </span>
     <span class='ocr_line' id='line_1_68' title="bbox 1381 3166 2446 3227; baseline 0.007 -16"><span class='ocrx_word' id='word_1_495' title='bbox 1381 3166 1565 3226; x_wconf 86' lang='lat' dir='ltr'>quibus</span> <span class='ocrx_word' id='word_1_496' title='bbox 1602 3169 1886 3226; x_wconf 82' lang='lat' dir='ltr'>permixtus</span> <span class='ocrx_word' id='word_1_497' title='bbox 1920 3173 2009 3224; x_wconf 88' lang='lat' dir='ltr'>est,</span> <span class='ocrx_word' id='word_1_498' title='bbox 2044 3170 2368 3227; x_wconf 81' lang='lat' dir='ltr'>salutaveris,</span> <span class='ocrx_word' id='word_1_499' title='bbox 2389 3183 2446 3218; x_wconf 89' lang='lat' dir='ltr'>eo</span> 
     </span>
     <span class='ocr_line' id='line_1_69' title="bbox 1383 3239 2447 3295; baseline 0.007 -14"><span class='ocrx_word' id='word_1_500' title='bbox 1383 3239 1758 3295; x_wconf 84' lang='lat' dir='ltr'>praetermisso:</span> <span class='ocrx_word' id='word_1_501' title='bbox 1795 3242 1883 3285; x_wconf 85' lang='lat' dir='ltr'>aut</span> <span class='ocrx_word' id='word_1_502' title='bbox 1915 3240 2078 3286; x_wconf 86' lang='lat' dir='ltr'>soleas</span> <span class='ocrx_word' id='word_1_503' title='bbox 2111 3240 2332 3287; x_wconf 83' lang='lat' dir='ltr'>salutare</span> <span class='ocrx_word' id='word_1_504' title='bbox 2365 3240 2447 3288; x_wconf 90' lang='lat' dir='ltr'>ob-</span> 
     </span>
     <span class='ocr_line' id='line_1_70' title="bbox 1385 3308 2448 3370; baseline 0.005 -19"><span class='ocrx_word' id='word_1_505' title='bbox 1385 3308 1524 3353; x_wconf 88' lang='lat' dir='ltr'>vium</span> <span class='ocrx_word' id='word_1_506' title='bbox 1561 3322 1810 3370; x_wconf 86' lang='lat' dir='ltr'>quemque</span> <span class='ocrx_word' id='word_1_507' title='bbox 1849 3309 2056 3369; x_wconf 89' lang='lat' dir='ltr'>(Laym.,</span> <span class='ocrx_word' id='word_1_508' title='bbox 2088 3309 2193 3356; x_wconf 89' lang='lat' dir='ltr'>Lib.</span> <span class='ocrx_word' id='word_1_509' title='bbox 2218 3309 2280 3366; x_wconf 91' lang='lat'>11,</span> <span class='ocrx_word' id='word_1_510' title='bbox 2302 3309 2380 3357; x_wconf 81' lang='lat' dir='ltr'>Tr.</span> <span class='ocrx_word' id='word_1_511' title='bbox 2403 3311 2448 3365; x_wconf 89' lang='lat'>3,</span> 
     </span>
     <span class='ocr_line' id='line_1_71' title="bbox 1381 3378 2448 3437; baseline 0.003 -13"><span class='ocrx_word' id='word_1_512' title='bbox 1381 3379 1499 3437; x_wconf 88' lang='lat' dir='ltr'>Cap.</span> <span class='ocrx_word' id='word_1_513' title='bbox 1542 3378 1626 3434; x_wconf 88' lang='lat' dir='ltr'>IV,</span> <span class='ocrx_word' id='word_1_514' title='bbox 1670 3380 1738 3437; x_wconf 82' lang='grc'>2);</span> <span class='ocrx_word' id='word_1_515' title='bbox 1783 3383 1871 3425; x_wconf 85' lang='lat' dir='ltr'>aut</span> <span class='ocrx_word' id='word_1_516' title='bbox 1919 3383 2067 3426; x_wconf 87' lang='lat' dir='ltr'>antea</span> <span class='ocrx_word' id='word_1_517' title='bbox 2113 3392 2448 3428; x_wconf 84' lang='lat' dir='ltr'>consueveras</span> 
     </span>
     <span class='ocr_line' id='line_1_72' title="bbox 1389 3449 2444 3510; baseline 0.003 -16"><span class='ocrx_word' id='word_1_518' title='bbox 1389 3463 1502 3495; x_wconf 86' lang='lat' dir='ltr'>eum</span> <span class='ocrx_word' id='word_1_519' title='bbox 1538 3449 1760 3495; x_wconf 88' lang='lat' dir='ltr'>salutare</span> <span class='ocrx_word' id='word_1_520' title='bbox 1795 3450 1859 3505; x_wconf 55' lang='lat' dir='ltr'>(S.</span> <span class='ocrx_word' id='word_1_521' title='bbox 1887 3449 2052 3510; x_wconf 88' lang='lat' dir='ltr'>Alph,</span> <span class='ocrx_word' id='word_1_522' title='bbox 2080 3449 2117 3509; x_wconf 87' lang='grc' dir='ltr'>Ι1.</span> <span class='ocrx_word' id='word_1_523' title='bbox 2150 3457 2222 3508; x_wconf 91' lang='lat' dir='ltr'>c.).</span> <span class='ocrx_word' id='word_1_524' title='bbox 2254 3451 2444 3508; x_wconf 67' lang='lat' dir='ltr'>Quam-</span> 
     </span>
     <span class='ocr_line' id='line_1_73' title="bbox 1381 3518 2448 3581; baseline 0.004 -18"><span class='ocrx_word' id='word_1_525' title='bbox 1381 3518 1565 3574; x_wconf 91' lang='lat' dir='ltr'>obrem,</span> <span class='ocrx_word' id='word_1_526' title='bbox 1610 3533 1709 3565; x_wconf 91' lang='lat' dir='ltr'>non</span> <span class='ocrx_word' id='word_1_527' title='bbox 1754 3520 1984 3573; x_wconf 87' lang='lat' dir='ltr'>invisere,</span> <span class='ocrx_word' id='word_1_528' title='bbox 2018 3534 2063 3568; x_wconf 84' lang='lat' dir='ltr'>v.</span> <span class='ocrx_word' id='word_1_529' title='bbox 2094 3534 2155 3581; x_wconf 88' lang='lat' dir='ltr'>g.‚</span> <span class='ocrx_word' id='word_1_530' title='bbox 2200 3520 2448 3567; x_wconf 84' lang='lat' dir='ltr'>famulum</span> 
     </span>
     <span class='ocr_line' id='line_1_74' title="bbox 1385 3591 2448 3651; baseline 0.004 -17"><span class='ocrx_word' id='word_1_531' title='bbox 1385 3594 1660 3648; x_wconf 81' lang='lat' dir='ltr'>aegrotum,</span> <span class='ocrx_word' id='word_1_532' title='bbox 1694 3592 1845 3648; x_wconf 88' lang='lat' dir='ltr'>prout</span> <span class='ocrx_word' id='word_1_533' title='bbox 1879 3593 2041 3646; x_wconf 83' lang='lat' dir='ltr'>antea,</span> <span class='ocrx_word' id='word_1_534' title='bbox 2079 3591 2378 3651; x_wconf 80' lang='lat' dir='ltr'>regulariter</span> <span class='ocrx_word' id='word_1_535' title='bbox 2419 3605 2448 3639; x_wconf 86' lang='grc'>6</span> 
     </span>
     <span class='ocr_line' id='line_1_75' title="bbox 1389 3658 1980 3710; baseline 0.008 -7"><span class='ocrx_word' id='word_1_536' title='bbox 1389 3658 1527 3704; x_wconf 82' lang='lat' dir='ltr'>letali</span> <span class='ocrx_word' id='word_1_537' title='bbox 1562 3673 1660 3705; x_wconf 91' lang='lat' dir='ltr'>non</span> <span class='ocrx_word' id='word_1_538' title='bbox 1694 3663 1980 3710; x_wconf 85' lang='lat' dir='ltr'>excusatur.</span> 
     </span>
    </p>
   </div>
   <div class='ocr_carea' id='block_1_10' title="bbox 1441 3729 2447 3789">
    <p class='ocr_par' dir='ltr' id='par_1_20' title="bbox 1441 3729 2447 3789">
     <span class='ocr_line' id='line_1_76' title="bbox 1441 3729 2447 3789; baseline 0.009 -17"><span class='ocrx_word' id='word_1_539' title='bbox 1441 3729 1498 3773; x_wconf 90' lang='grc'>23</span> <span class='ocrx_word' id='word_1_540' title='bbox 1522 3729 1581 3776; x_wconf 91' lang='lat' dir='ltr'>V.</span> <span class='ocrx_word' id='word_1_541' title='bbox 1604 3731 1758 3786; x_wconf 90' lang='lat' dir='ltr'>Suar.,</span> <span class='ocrx_word' id='word_1_542' title='bbox 1782 3731 1837 3786; x_wconf 90' lang='lat' dir='ltr'>V,</span> <span class='ocrx_word' id='word_1_543' title='bbox 1861 3731 1903 3787; x_wconf 87' lang='lat'>5,</span> <span class='ocrx_word' id='word_1_544' title='bbox 1937 3732 1991 3784; x_wconf 81' lang='lat'>8;</span> <span class='ocrx_word' id='word_1_545' title='bbox 2021 3731 2189 3788; x_wconf 68' lang='lat' dir='ltr'>Salm„</span> <span class='ocrx_word' id='word_1_546' title='bbox 2211 3731 2283 3789; x_wconf 89' lang='grc'>21,</span> <span class='ocrx_word' id='word_1_547' title='bbox 2306 3733 2349 3788; x_wconf 88' lang='grc'>6,</span> <span class='ocrx_word' id='word_1_548' title='bbox 2378 3733 2447 3781; x_wconf 85' lang='grc'>19.</span> 
     </span>
    </p>
   </div>
   <div class='ocr_carea' id='block_1_11' title="bbox 2362 0 2626 160">
    <p class='ocr_par' dir='ltr' id='par_1_21' title="bbox 2362 0 2626 160">
     <span class='ocr_line' id='line_1_77' title="bbox 2362 0 2626 160; baseline 0 3888"><span class='ocrx_word' id='word_1_549' title='bbox 2362 0 2626 160; x_wconf 95' lang='lat' dir='ltr'> </span> 
     </span>
    </p>
   </div>
  </div>
 </body>
</html>
