2626 4048
160 188 163 190 ,
227 140 330 198 308
501 160 643 199 maen
680 160 746 197 ιιι.
771 172 798 184 -
831 160 1005 199 macr.
1042 160 1106 199 vi.
1141 162 1207 200 ιιι
1240 161 1460 202 ιιιτιιυιιι
1494 162 1804 204 veturium
1840 160 2188 214 aurianam

227 244 541 299 reditatem
597 244 1015 313 computantur
1059 242 1114 298 1⁰
1155 242 1203 299 si
1247 244 1564 301 defunctus
1617 261 1691 302 ea
1741 246 2070 313 donaverit
2085 245 2526 323 erogaverit
2503 211 2606 280 Ὺ

227 332 582 403 impenderit
609 334 817 400 sponte
847 346 978 394 sua;
1022 347 1134 387 non
1182 331 1323 388 item
1353 333 1399 388 si
1432 333 1789 391 necessitate
1809 334 1964 404 juris
1995 336 2190 393 civilis
2209 335 2340 410 (13),
2366 340 2535 396 aut

227 421 516 478 naturalis
544 418 683 491 (14);
728 421 822 474 vel
867 421 1067 476 debita
1107 421 1329 491 pietate
1362 421 1495 494 (15),
1523 425 1628 478 aut
1670 424 1860 494 patrio
1886 439 2047 481 more
2077 423 2193 497 (16)
2232 427 2478 484 ductus:

226 515 287 567 et
309 512 369 566 2ο
390 511 698 565 dummodo
721 510 839 564 sint
860 510 1082 580 aliquid
1107 510 1495 575 immodicum,
1522 515 1601 575 ut,
1628 527 1743 567 non
1769 513 1922 568 facta
1949 514 2280 579 collatione,
2302 517 2471 571 nimia

224 603 455 654 oriretur
494 602 631 652 inter
669 602 850 652 liberos
888 602 1236 668 inaequalitas
1274 599 1405 671 (17).
1441 602 1726 671 Amplius;
1763 617 1876 656 non
1919 602 2167 659 veniunt
2206 603 2263 658 in
2307 619 2470 660 com·-

225 691 591 759 putationem
623 690 845 743 fructus
870 689 1090 758 praedii
1121 690 1340 753 donati,
1370 691 1465 745 vel
1496 706 1641 760 quos
1671 690 1983 746 defunctus
2010 691 2186 747 alicui
2217 690 2364 765 (sive
2393 708 2470 751 ex

225 780 478 848 praedic,
502 780 627 833 sive
652 795 725 833 ex
749 794 946 841 censu,
972 778 1067 832 vel
1092 794 1166 834 ex
1190 777 1413 849 mutuo)
1437 780 1858 850 percipiendOS,
1882 780 2157 836 fruendos
2173 795 2477 840 concesse-

223 870 336 931 rat,
355 871 497 923 ante
519 869 735 921 aditam
760 867 1191 924 haereditatem
1216 869 1478 938 percepti
1499 887 1511 932 ;
1538 869 1677 938 quia
1697 885 1828 924 cum
1846 870 2072 924 fructus
2093 870 2167 924 ad
2186 861 2492 929 utendum'
2523 918 2530 927 .

223 958 537 1012 fruendum
566 957 683 1010 sint
712 956 1014 1020 destinati,
1045 972 1158 1011 non
1187 957 1468 1013 videntur
1501 958 1845 1014 deminuere
1884 958 2300 1029 patrimonium
2330 961 2479 1016 dan·
2506 952 2510 953 ’
2592 973 2609 1036 J

225 1047 301 1102 tis
322 1047 457 1118 (18);
490 1047 736 1115 ideoque
763 1060 869 1099 nec
895 1046 1119 1101 fructus
1141 1046 1225 1102 rei
1250 1047 1531 1110 elocatae,
1556 1055 1659 1107 aut
1689 1048 1968 1104 venditae
1993 1049 2231 1103 minimo
2256 1049 2467 1119 pretim
2516 1063 2517 1066 ’
2563 1096 2578 1103 ⁷.
2604 1068 2606 1070 ·

226 1137 324 1193 lex
353 1152 466 1190 non
495 1136 811 1203 distinguit
838 1134 974 1206 (19):
1010 1150 1117 1190 nec
1145 1136 1380 1192 demum
1423 1153 1494 1192 ea
1534 1152 1687 1208 quae
1728 1139 1802 1193 ad
1844 1139 2157 1194 donantem
2188 1153 2263 1194 ex
2291 1153 2478 1196 causa

226 1225 458 1282 liberali
500 1240 739 1281 reversa
781 1225 1016 1280 fuerant
1043 1223 1176 1296 (20).

221 1461 325 1509 Nec
357 1459 508 1506 refert
531 1459 591 1513 si,
613 1472 712 1519 quo
736 1463 963 1518 tempore
987 1458 1172 1505 donata
1192 1459 1299 1505 fue-

223 1537 361 1587 runt,
410 1531 621 1578 donator
671 1530 815 1575 dives
866 1533 988 1582 erat,
1036 1530 1081 1576 si
1125 1533 1299 1590 postea

224 1602 558 1650 facultatibus
592 1602 771 1660 lapsus
813 1604 907 1654 est,
954 1604 1045 1646 aut
1084 1603 1194 1647 sine
1232 1601 1298 1646 li-

225 1675 377 1726 berie,
409 1676 452 1719 si
486 1686 614 1733 quos
647 1672 775 1718 forte
809 1673 975 1717 serius
1001 1673 1299 1732 susceperit,

226 1745 502 1806 agnoverit,
537 1743 860 1802 adoptaverit
893 1742 1150 1799 (Laurent,
1188 1742 1298 1798 XII,

228 1816 325 1876 48),
358 1815 438 1860 vel
471 1818 661 1860 contra.

292 1890 346 1933 13
379 1887 432 1935 C.
469 1887 526 1933 G.
561 1887 676 1939 852;
710 1886 772 1931 It.
812 1886 938 1932 1009.
972 1885 1028 1929 V.
1065 1898 1121 1940 c.,
1154 1885 1205 1930 in
1240 1884 1298 1929 li·

230 1958 365 2006 beris
399 1956 745 2015 instituendis,
788 1957 839 2001 in
881 1957 1123 2002 alimenta
1163 1955 1288 2016 legi-

226 2030 368 2083 tima,
403 2031 497 2075 etc.

290 2102 341 2145 14
369 2100 422 2145 L.
452 2102 488 2155 1,
508 2101 535 2157 ἓ
566 2100 633 2145 19.
658 2100 759 2146 Sed
782 2111 868 2143 an.
888 2101 962 2143 De
987 2097 1165 2143 Collat.
1186 2100 1295 2144 bon.

229 2172 305 2218 Ex
340 2172 424 2218 cit.
460 2173 566 2216 AA.
602 2170 755 2216 Velut
786 2169 1083 2215 donationes
1122 2182 1292 2215 remu-

222 2242 517 2288 neratoriae.

289 2313 343 2358 15
375 2312 430 2359 L.
462 2313 533 2366 57,
559 2314 743 2357 Famil.
780 2314 950 2358 ercisc.
986 2311 1041 2358 L.
1076 2312 1111 2365 l,
1146 2311 1199 2359 C.
1223 2313 1298 2358 De

224 2385 403 2439 Neyoe.
435 2388 557 2440 qest.
584 2382 641 2429 V.
664 2396 718 2435 c.,
755 2386 811 2427 ut
834 2382 999 2428 filium
1033 2382 1295 2441 captivum

223 2453 494 2499 redimeret
533 2454 603 2511 (L.
649 2454 710 2508 17,
735 2457 763 2506 ἓ
791 2456 824 2496 Ι.
849 2452 899 2498 G.
923 2455 999 2498 De
1023 2454 1296 2512 Postlim.),·

225 2528 316 2571 aut
349 2539 378 2571 a
409 2525 644 2576 vinculis,
669 2524 757 2569 sed
782 2525 1064 2570 innoxium.
1082 2523 1231 2581 Quid,
1253 2525 1296 2569 si

224 2595 278 2640 in
311 2608 370 2640 ea
413 2596 672 2653 conjectus
707 2594 871 2639 fuerat
912 2594 973 2640 ob
1014 2592 1292 2640 delictum?

224 2665 274 2726 J⁸
305 2665 359 2713 C.
410 2665 731 2710 communius
781 2665 1036 2710 affirmant
1083 2677 1293 2723 compu-

225 2735 383 2781 tanda
416 2748 527 2780 csse
562 2735 759 2789 (Perez.‚
796 2735 826 2780 l.
862 2750 900 2780 c.
936 2749 983 2781 ιι.
1022 2736 1102 2791 12;
1132 2735 1299 2791 Vinn.,

226 2807 261 2853 1.
283 2820 322 2852 c.
359 2804 493 2858 XIII,
533 2806 628 2858 10>;
655 2805 825 2851 Nostri
861 2807 1182 2852 communius
1217 2820 1298 2851 ne-

226 2881 351 2936 gant
377 2878 549 2930 (Moli.,
572 2877 638 2930 11,
661 2877 767 2933 2403
797 2876 953 2934 Lugo,
981 2877 1052 2931 24,
1076 2876 1200 2932 208).
1231 2879 1298 2922 Ob

228 2951 507 3002 delictum.‚·
529 2962 645 2993 nam
674 2950 717 2993 si
740 2950 799 2993 ob
822 2949 1012 3002 debita,
1037 2949 1124 3006 qui
1145 2947 1299 2993 solvit

228 3018 457 3064 succedit
491 3019 542 3063 in
571 3019 657 3077 Jus
691 3018 1000 3064 creditorum
1056 3020 1107 3062 et
1143 3016 1297 3075 filius,

226 3088 382 3149 hujus
417 3089 613 3134 debitor
636 3088 861 3135 efficitur.
886 3088 1031 3147 Lugo
1062 3087 1153 3133 loc.
1183 3088 1267 3133 cit.

291 3160 345 3203 16
377 3160 453 3204 Ex
489 3161 571 3204 cit.
605 3159 660 3204 L.
700 3162 733 3203 1.
767 3162 844 3206 De
873 3159 1055 3216 Neqoc.
1083 3163 1208 3216 qest.
1239 3158 1295 3203 V.

225 3229 375 3282 Moli„
412 3230 475 3284 II,
510 3230 628 3284 2383
661 3231 818 3289 Lugo,
850 3230 922 3285 24,
957 3229 1057 3274 202.
1084 3228 1295 3288 Utputa,

225 3313 453 3355 munera,
488 3302 639 3346 xenia
688 3315 747 3346 ex
794 3315 926 3346 inore
977 3300 1211 3359 regionis,
1249 3312 1294 3344 v.

224 3383 280 3427 c.,
315 3371 367 3415 in
402 3372 600 3429 nuptiis
635 3372 854 3416 filiorum
885 3372 957 3428 (C.
993 3371 1050 3418 G.
1084 3370 1198 3424 8023
1233 3369 1297 3416 It.

229 3441 377 3491 1009),
406 3442 459 3485 in
485 3455 628 3486 sacra
651 3442 982 3499 ordinatione,
1009 3441 1059 3486 in
1088 3454 1296 3486 munere

226 3511 395 3570 aliquo
430 3511 769 3570 suscipiendo,
797 3512 1023 3570 elargita.
1053 3512 1119 3556 Et
1141 3511 1194 3556 in
1218 3511 1295 3555 his

225 3581 514 3640 dignitatis,
531 3585 640 3626 tum
661 3581 846 3636 dantis,
869 3586 977 3627 tum
998 3582 1295 3642 accipientis

226 3650 460 3697 habenda
492 3655 570 3697 est
604 3653 747 3697 ratio.

297 3721 345 3764 17
379 3721 542 3775 Vinn.,
577 3722 711 3775 XIII,
744 3725 786 3767 6.
826 3722 1045 3776 Scilicet,
1084 3736 1146 3768 ne
1179 3736 1294 3769 cum

227 3792 539 3849 parentibuS,
566 3794 714 3853 quasi
742 3806 858 3839 cum
891 3793 1181 3852 gestoribus
1212 3806 1296 3838 ne-

1403 1460 1679 1519 gociorum,
1715 1462 1794 1522 agi
1851 1462 2099 1511 videatur.
2146 1464 2212 1510 Et
2259 1466 2478 1513 eatenus
2511 1508 2531 1522 ,
2573 1452 2586 1512 s

1403 1533 1604 1576 tantum
1630 1536 1752 1577 sunt
1774 1533 2078 1593 imputanda
2101 1536 2469 1597 quatenusju-
2576 1542 2579 1546 ’

1402 1603 1541 1646 stum
1578 1602 1780 1648 modum
1817 1603 2084 1650 excedunt.
2116 1603 2293 1666 Itaque
2322 1606 2386 1663 si,
2426 1619 2472 1654 v.

1403 1685 1459 1726 c.,
1477 1677 1623 1732 pater
1647 1675 1698 1718 in
1732 1676 1972 1733 sumptus
1995 1672 2104 1734 filii,
2136 1673 2263 1723 forte
2285 1675 2471 1724 absen·

1402 1744 1485 1796 tie,
1521 1743 1636 1803 plus
1672 1757 1832 1805 aequo
1873 1745 2191 1806 impenderit,
2229 1746 2474 1796 alimenta
2559 1746 2579 1806 f-

1401 1816 1688 1860 necessaria
1743 1828 1804 1860 ex
1866 1817 2244 1897 computatione
2296 1816 2471 1867 detra·
2510 1811 2555 1849 '2ss
2591 1837 2598 1853 '-

1401 1882 1568 1929 henda
1590 1888 1756 1941 erunt;
1787 1890 1839 1931 et
1860 1887 1905 1932 si
1933 1886 1976 1932 ei
2011 1899 2133 1943 rem,
2154 1898 2284 1948 quae
2308 1889 2478 1937 valuit
2560 1894 2578 1956 ,Γ

1399 1955 1705 2013 quindecim,
1727 1956 2274 2025 vendideritquinque,
2296 1958 2486 2007 decem'

1398 2028 1600 2071 tantum
1634 2026 1963 2086 supputanda
1985 2030 2118 2074 sunt.
2152 2028 2282 2075 Plus
2311 2042 2478 2089 aequo
2527 2027 2535 2032 ’
2581 2056 2585 2062 «

1400 2109 1515 2142 vero
1558 2110 1759 2158 semper
1810 2099 2106 2158 accipimus,
2148 2100 2282 2160 quod
2334 2101 2478 2155 ultra

1400 2168 1531 2212 vires
1563 2170 1854 2227 patrimonii
1881 2168 2063 2224 (Vina,
2090 2171 2168 2218 De
2193 2169 2467 2220 Collatiam
2522 2187 2537 2219 ’.
2581 2210 2587 2219 ,

1400 2238 1533 2292 XIII,
1567 2242 1621 2294 5;
1657 2238 1812 2294 Voet„
1858 2241 1930 2299 37,
1973 2242 2016 2293 6,
2054 2242 2146 2297 21),
2189 2242 2268 2287 vel
2313 2255 2475 2304 supra
2523 2250 2579 2298 J

1399 2310 1734 2357 conditionem
1769 2311 1940 2358 dantis
1969 2311 2135 2368 (Zach.
2171 2316 2202 2367 5
2236 2313 2340 2369 634,
2377 2313 2476 2375 35),
2554 2310 2582 2350 ἒ

1399 2380 1658 2438 donatum,
1712 2381 1971 2442 largitum,
2019 2383 2308 2442 impensum
2356 2384 2475 2432 fuit.
2532 2376 2590 2438 ’Ῑ,.

1399 2450 1504 2497 Hac
1538 2466 1605 2506 re,
1639 2465 1684 2498 v.
1710 2466 1765 2506 c.,
1797 2452 2093 2498 donationes
2131 2457 2475 2502 remunerato·
2544 2447 2556 2451 ”

1401 2523 1517 2575 riae,
1550 2525 1762 2568 eatenus
1798 2523 2011 2584 quidem.
2055 2525 2309 2584 quatenus
2346 2537 2476 2575 uun>

1401 2594 1840 2647 remuneratoriae,
1866 2593 2188 2640 deducendae
2211 2597 2352 2650 sunt3
2379 2608 2433 2643 se
2564 2596 2584 2631 J

1400 2667 1450 2708 et
1483 2663 1751 2722 dignitatis
1785 2664 2036 2718 donantis,
2068 2666 2112 2710 si
2143 2665 2266 2725 quid
2300 2677 2474 2714 exces-v
2554 2693 2567 2702 ι»

1400 2736 1536 2787 serit,
1554 2733 1787 2780 habenda
1803 2738 1881 2779 est
1900 2736 2027 2780 ratio
2048 2734 2226 2794 (Lnga,
2248 2736 2322 2791 24,
2344 2737 2469 2796 221).

1467 2807 1518 2848 18
1551 2805 1626 2849 Ex
1662 2805 1713 2851 c.
1739 2804 1796 2850 G.
1821 2805 2061 2863 856,928;
2086 2805 2145 2851 lt.
2174 2806 2304 2868 1013,
2334 2808 2472 2866 1094;

1833 2875 1944 2932 3693
1994 2874 2171 2930 Toull„
2219 2876 2300 2933 IV,
2349 2877 2467 2936 4783
2528 2873 2581 2907 ··'

1403 2876 1630 2933 Durant.,
1678 2874 1783 2929 VII,

1399 2945 1598 3004 Malpel,
1632 2959 1676 2990 n.
1711 2946 1817 2998 2713
1860 2944 2022 3000 Zach„
2068 2947 2170 2998 631,
2212 2947 2292 3004 293
2330 2946 2468 2996 Lau-

1399 3021 1525 3070 rent,
1544 3015 1604 3074 X,
1622 3015 1723 3070 628,
1743 3016 2166 3072 6303Mazzo.,111,
2184 3017 2308 3074 250).
2323 3012 2475 3073 Sane,
2511 3021 2514 3023 ’

1398 3086 1597 3132 fructus
1633 3087 1702 3131 rei
1736 3086 1951 3132 donatae
1985 3100 2084 3132 non
2109 3090 2232 3132 sunt
2265 3086 2472 3135 obnoxii

1399 3156 1654 3203 collationi
1675 3157 1745 3212 (c.
1771 3156 1832 3204 It.
1860 3157 1988 3215 1013,
2014 3156 2070 3203 G.
2096 3158 2217 3216 856),
2243 3171 2304 3204 ne
2327 3159 2475 3218 forte,-
2513 3172 2585 3210 ,ῃ

1399 3229 1481 3274 his
1516 3227 1728 3283 collatis,
1768 3229 1984 3274 intereat
2028 3231 2285 3285 Zeyitima:
2333 3242 2468 3289 ergo,
2542 3223 2584 3283 'g

1397 3313 1563 3359 aequa
1581 3300 1738 3357 lance,
1758 3311 1847 3345 nec
1870 3299 2237 3359 computationi
2260 3299 2470 3346 obnoxii
2554 3292 2585 3329 ‘3‘

1398 3383 1508 3416 esse
1542 3370 1739 3424 debent,
1773 3382 1850 3423 ne,
1887 3370 2214 3429 computatiS,
2250 3370 2476 3418 intereat
2537 3416 2543 3421 .
2576 3363 2592 3428 {⁷

1398 3442 1735 3497 disponibz‘lis.

1466 3512 1516 3555 19
1551 3511 1668 3558 Citt.
1703 3512 1806 3556 AA.
1830 3511 1932 3565 856,
1962 3510 2091 3555 1013.
2115 3509 2172 3554 V.
2196 3508 2247 3554 G.
2271 3510 2328 3556 G.
2355 3509 2470 3567 9223
2483 3510 2487 3514 ’

1397 3581 1455 3626 It.
1492 3583 1595 3626 822.

1458 3653 1516 3696 20
1549 3652 1747 3704 Mazzo„
1793 3651 1878 3706 111,
1923 3651 2027 3697 629.
2059 3649 2212 3696 Velut
2261 3663 2322 3695 ex
2366 3649 2469 3699 alia
2531 3611 2573 3622 μ

1398 3722 1680 3776 donatione,
1716 3724 1804 3766 aut
1845 3719 2040 3779 legato.
2078 3733 2274 3780 nempe,
2318 3721 2504 3780 quasi
2532 3744 2550 3809 ³

1397 3792 1548 3838 rebus
1583 3793 1635 3837 in
1668 3791 1945 3851 pristinum
1979 3791 2251 3838 restitutis.

2378 108 2429 186 *fv*
2439 163 2470 221 ι’
2487 161 2550 226 ⁵4,-

2518 334 2626 570 Ξ

2594 574 2626 714 ,i

2588 716 2626 838 ἐ,

2609 842 2626 944 i
