2626 4048
221 53 325 111 214
545 71 687 110 unta
722 70 787 108 ιιι.
822 85 846 97 -
878 70 1052 110 macr.
1086 69 1151 108 tv.
1188 70 1253 107 nn:
1286 69 1507 119 munus.
1540 63 1604 109 ti·
1637 68 1990 110 atsi-mma
2023 47 2131 131 ιτα,
2235 38 2246 45 ’
2286 24 2307 130 ’Δ
2340 36 2356 136 ⁸.
2392 108 2416 136 Ι,
2451 110 2487 131 „

295 157 424 212 272.
466 156 765 212 Postremo
807 155 1126 218 videamus,
1166 170 1243 210 an
1296 154 1349 211 ei
1393 152 1492 225 qui
1546 152 1660 210 scit
1698 154 2102 226 quoquomodo
2135 141 2589 229 εοοτοίῐς·ἷῗ;’

222 244 309 302 sas
347 245 424 300 sit
465 245 547 299 uti
591 246 718 315 ejus
759 244 983 298 notitia.
1024 242 1222 307 Porro,
1266 243 1408 298 licet
1446 245 1740 299 secretum
1779 243 1858 300 sit
1897 242 2064 315 quani
2117 258 2211 300 res
2249 233 2459 301 “aliena

222 336 277 405 (ἓ
314 335 443 396 269,
484 335 555 403 5),
601 333 994 396 nihilominnS,
1037 348 1111 388 ex
1153 347 1266 403 quo
1308 332 1452 387 illud
1495 331 1729 397 rescivi,
1771 331 1984 389 notitia
2026 333 2110 389 rei
2166 331 2504 398 occultam?

221 425 384 494 qnasi
446 422 732 491 quaedam
777 422 998 476 veritas
1042 419 1217 493 (quae
1264 421 1339 475 ad
1382 421 1752 476 intellectum
1796 420 2078 494 pertinet)
2130 422 2193 477 flt
2233 420 2487 498 aliquid-

218 526 438 573 meum;
482 511 756 580 quocirca
799 526 911 565 non
956 510 1261 581 prohibeor
1291 525 1362 564 ea
1394 509 1479 565 uti
1522 509 1649 565 sine
1690 509 1901 565 damno
1942 510 2190 567 alterius
2221 511 2456 582 injusto·
2516 543 2518 546 >

218 602 424 671 Itaque
479 601 526 654 si
580 601 905 670 hujusmodi
960 602 1253 656 secretum
1311 601 1401 655 est
1442 598 1663 669 aliquid
1709 599 1846 654 facti
1899 596 2134 669 (utputa
2180 615 2295 671 quo
2334 599 2461 655 loco

220 691 536 745 thesaurus
578 690 797 762 lateat),
842 690 1006 744 licite
1049 704 1118 744 eo
1162 692 1308 752 utor,
1345 689 1574 759 quoties
1618 690 1744 758 post
1786 688 2111 758 quaesitam
2156 689 2330 760 hujus
2369 688 2455 743 rei

223 778 488 835 notitiam
522 780 575 832 id
609 780 772 841 facio,
803 780 955 850 quod
984 782 1123 834 ante
1154 779 1495 848 facereJure
1526 794 1654 833 meo
1686 778 2027 846 potuissem:
2059 792 2252 848 neque
2280 777 2460 844 enim,

222 873 457 939 propter
487 868 758 923 notitiam
786 869 1132 939 quaesitam,
1154 869 1255 938 jus
1283 884 1476 923 meum
1506 867 1712 922 amitto
1742 865 1872 938 (26).
1899 867 1994 921 Sin
2027 868 2119 923 est
2149 853 2468 923 inventurn*

220 958 458 1028 aliquod
506 958 795 1014 scientiae
850 958 943 1013 vel
999 958 1164 1020 artis,
1205 958 1343 1028 quia
1384 957 1664 1028 quidquid
1718 957 2049 1011 invenimus
2092 972 2223 1011 cum
2264 957 2461 1012 studio
2519 946 2526 954 ”

222 1049 285 1103 et
325 1048 522 1102 labore
564 1049 654 1102 est
693 1048 918 1119 aliquid
961 1051 1239 1111 nostrum,
1271 1063 1339 1103 eo
1368 1062 1458 1101 me
1502 1046 1606 1111 uti,
1635 1047 1822 1102 altero
1865 1046 2068 1109 invit0‚
2103 1045 2290 1102 instar
2317 1045 2456 1102 furti

224 1151 354 1192 esse
396 1141 536 1207 puto
565 1134 702 1208 (27).

1171 1301 1402 1357 CAPUT
1444 1302 1510 1355 11.

694 1437 768 1476 DE
811 1437 1062 1478 INJURIIS
1103 1437 1314 1483 QUIBUS
1347 1438 1652 1477 LAEDITUR.
1693 1435 1984 1477 DIGNITAS.

971 1589 1119 1642 ART.
1164 1589 1204 1641 1.
1246 1590 1324 1641 De
1370 1585 1706 1642 Contumelia.

298 1736 425 1790 273.
456 1735 724 1805 Dignitas
755 1737 1003 1791 hominis
1033 1740 1138 1801 est,
1169 1738 1319 1808 quod
1348 1738 1419 1791 ad
1452 1737 1767 1805 imaginem
1799 1736 1898 1791 Dei
1931 1735 2197 1791 conditus
2225 1735 2325 1791 sit:
2355 1735 2458 1792 sed

222 1826 411 1879 multa
442 1829 751 1895 praeterea
778 1831 933 1890 sunt,
958 1828 1171 1898 quibus
1203 1827 1465 1882 homines
1487 1826 1585 1881 alii
1611 1826 1744 1880 aliis
1776 1827 2099 1895 praestant;
2132 1841 2241 1880 ceu
2271 1825 2458 1880 scien-

222 1915 326 1977 tia,
356 1915 627 1978 virtutes,
656 1918 759 1971 sed
790 1917 847 1971 in
883 1917 1079 1986 primis
1107 1916 1443 1979 auctoritaS‚
1487 1916 1626 1985 quia
1667 1916 1813 1970 haec
1849 1930 1923 1969 ex
1951 1916 2066 1970 Deo
2106 1917 2214 1978 est,
2256 1917 2317 1970 et
2357 1915 2457 1986 qui

119 2055 137 2070 ,
223 2019 296 2058 ea
326 2009 588 2074 praestat
629 2007 725 2061 Dei
770 2007 936 2076 quasi
981 2022 1286 2076 personam
1329 2005 1487 2074 gerit
1514 2004 1613 2075 (1);
1647 2005 1735 2059 his
1774 2005 1934 2058 honor
1965 2004 2230 2060 debetur.
2263 2004 2461 2059 Honor

223 2102 340 2148 est:
362 2103 567 2149 nostrae
594 2099 967 2150 aestimationis
992 2114 1111 2164 erqa
1132 2098 1352 2149 alterius
1373 2097 1722 2149 excellentiam
1750 2097 2052 2164 siynfficabio
2062 2092 2161 2165 (2):
2185 2092 2365 2149 distat
2385 2094 2460 2148 ab

222 2185 674 2248 existimatione,
704 2202 808 2240 seu
845 2186 1020 2249 fama;
1064 2186 1203 2255 quia
1244 2184 1602 2240 existimatio
1644 2184 1912 2238 omnibus
1956 2183 2248 2254 competit,
2280 2184 2462 2238 honor

223 2274 313 2328 his
355 2275 452 2345 qui
495 2276 641 2330 alios
680 2276 1072 2331 antecellunt:
1106 2275 1206 2329 illa
1234 2277 1492 2328 nostrum
1526 2273 1750 2343 aliquid
1785 2276 1892 2337 est,
1922 2274 2067 2327 haec
2109 2274 2198 2328 est
2236 2271 2459 2344 aliquid

219 2364 482 2419 debitum
515 2365 705 2428 nobis;
739 2365 980 2434 proinde
1012 2365 1059 2420 is
1088 2365 1186 2434 qui
1218 2363 1711 2418 existimationem
1749 2363 1930 2417 laedit
1964 2366 2053 2417 est
2084 2363 2268 2417 instar
2296 2361 2460 2427 furis,

220 2454 317 2523 qui
348 2458 560 2520 auser&
591 2456 687 2524 qui
723 2455 902 2509 laedit
934 2456 1224 2516 honorem,
1258 2455 1444 2508 instar
1477 2453 1758 2508 debitoris
1800 2455 1906 2515 est,
1936 2453 2033 2521 qui
2065 2469 2167 2505 non
2193 2454 2345 2505 solvit
2362 2450 2458 2523 (3).

219 2545 431 2607 Honor,
460 2546 834 2612 regulariter,
871 2544 1278 2613 praesentibus
1308 2543 1572 2598 redditur
1599 2541 1697 2614 (4):
1735 2542 1988 2597 laeditur
2030 2541 2417 2597 contumeliis,
2470 2542 2473 2550 '

218 2707 263 2753 si
296 2708 545 2761 haereses,
580 2708 967 2767 conjurationes,
1002 2708 1280 2766 grassatio-

218 2790 308 2823 nes
366 2778 666 2823 coercendae
721 2778 840 2824 sint.
904 2778 1046 2834 Quod
1114 2782 1280 2823 autem

218 2848 266 2894 S.
290 2848 458 2908 Alph.,
487 2847 571 2903 IV,
593 2849 664 2903 49,
689 2848 846 2901 docet,
881 2853 1132 2894 secretum
1156 2861 1282 2894 com-

221 2921 436 2964 missum
456 2933 652 2966 cessare
672 2933 786 2964 cum
806 2919 1065 2965 silentium
1086 2918 1284 2964 cederet

219 2993 274 3034 in
296 3003 459 3046 prave
489 2994 742 3036 damnum
770 2991 999 3047 alicujus
1022 3002 1283 3047 personae

220 3071 281 3104 ex
307 3059 365 3106 D.
388 3061 495 3115 Th,
519 3062 557 3114 2,
582 3062 622 3115 2,
645 3062 721 3119 70,
744 3061 770 3105 1
799 3061 861 3106 ad
886 3061 928 3116 2,
952 3060 1281 3107 commissum

219 3134 442 3189 accipere
461 3131 719 3184 debemus,
737 3131 1094 3183 concreditum,
1116 3135 1163 3175 et
1182 3144 1279 3175 nou

217 3201 517 3261 rigorosum.
539 3202 595 3246 V.
632 3202 680 3248 S.
705 3201 873 3261 Alph.,
907 3201 991 3255 IV,
1023 3201 1127 3248 268.

276 3273 337 3316 26
371 3271 427 3317 V.
460 3273 614 3325 Less.‚
642 3272 701 3327 11,
732 3274 798 3326 12,
823 3273 923 3317 1‘31.
958 3272 1105 3330 Quid,
1133 3273 1177 3317 si
1207 3286 1282 3317 se·

217 3347 412 3388 cretum
446 3344 718 3388 extorseris
766 3357 864 3389 non
913 3344 1020 3389 siue
1070 3343 1281 3389 alterius

215 3414 412 3475 injuria,
437 3417 560 3472 puta
583 3415 642 3467 si,
666 3415 941 3473 resignatis
965 3427 1082 3469 (non
1109 3418 1280 3459 tamen

215 3484 508 3542 retardatis)
542 3484 720 3539 literis,
763 3500 789 3530 a
835 3485 947 3545 Sejo
992 3485 1054 3531 ad
1099 3485 1277 3545 Cajuin

217 3555 404 3607 missis,
456 3555 695 3601 didiceris
749 3569 927 3602 vacare
982 3556 1280 3603 beneficium

215 3623 434 3684 aliquod,
470 3626 548 3671 vel
581 3625 825 3678 officium;
861 3628 911 3670 et
942 3626 1071 3672 illud
1106 3629 1275 3671 matu-

214 3695 323 3739 rius
355 3699 514 3754 petas,
548 3700 595 3741 et
629 3695 895 3742 obtineas?
941 3696 1101 3756 Lugo,
1140 3698 1204 3750 18,
1246 3699 1280 3749 1,

214 3765 489 3821 existimat,
549 3767 861 3813 restitutioni
920 3767 1087 3813 locum
1144 3768 1276 3823 fore;

1387 2707 1528 2752 Less.
1565 2709 1739 2753 contra
1761 2706 1815 2765 (l.
1839 2708 1916 2760 c.).
1941 2706 2004 2750 Et
2030 2708 2221 2752 verius:
2247 2705 2458 2760 scilicet,

1389 2778 1572 2823 notitia
1618 2776 1824 2836 quidem
1874 2790 1935 2822 ex
1984 2777 2171 2836 injuria
2218 2780 2309 2831 est,
2363 2775 2453 2822 sed

1386 2847 1653 2908 numquid,
1669 2851 1868 2906 propter
1886 2847 2123 2907 injuriam
2143 2845 2454 2907 hujusmodi,

1386 2919 1565 2964 amitto
1592 2919 1678 2978 jus
1712 2917 1914 2977 petendi
1939 2917 2255 2975 beneficium,
2282 2916 2359 2964 vel
2380 2917 2454 2965 of·

1384 2988 1595 3036 ficium?

1445 3061 1502 3103 27
1534 3060 1723 3108 Contra
1760 3063 1910 3120 putat
1943 3060 2083 3106 Less.
2119 3060 2216 3115 cit„
2249 3073 2295 3105 n.
2319 3059 2423 3105 131.

1453 3132 1465 3173 l
1508 3131 1563 3175 D.
1590 3131 1699 3190 Th„
1720 3131 1761 3189 2,
1787 3132 1830 3191 2,
1852 3132 1927 3191 63,
1952 3131 1992 3177 3.
2027 3131 2120 3177 His
2154 3133 2341 3188 autem,
2363 3133 2452 3192 qui

1384 3203 1473 3247 Dei
1510 3204 1648 3247 velut
1675 3215 1938 3262 personam
1963 3206 2147 3262 gerunt
2170 3204 2278 3259 (ceu
2312 3214 2451 3261 prac—

1384 3274 1491 3333 lati,
1509 3274 1780 3334 parentes),
1799 3274 1955 3333 major
1974 3273 2147 3330 honor,
2172 3276 2220 3317 et
2241 3271 2450 3332 quidam

1384 3348 1530 3404 quasi
1566 3345 1735 3390 cultus
1770 3343 2010 3397 debetur3
2046 3343 2132 3402 qui
2163 3344 2216 3388 in
2247 3341 2354 3388 illis
2375 3322 2467 3388 ob)

1384 3418 1703 3469 servantiae,
1758 3415 1808 3460 in
1864 3415 1946 3460 his
1992 3416 2213 3470 pietalis
2270 3425 2453 3460 nomen

1383 3484 1535 3531 subit.
1569 3485 1626 3530 D.
1664 3486 1769 3543 Th,
1803 3487 1846 3543 2,
1878 3485 1923 3543 2,
1951 3484 2049 3543 102,
2083 3497 2156 3530 aa.
2186 3483 2222 3541 1,
2255 3483 2298 3528 2.
2361 3534 2370 3542 .

1443 3557 1471 3599 2
1504 3556 1659 3610 Less,
1694 3556 1763 3614 ΙΙ,
1799 3555 1886 3615 ΧΙ,
1922 3556 1964 3601 2.

1444 3627 1471 3670 3
1505 3627 1661 3686 Lugo,
1693 3629 1759 3685 14,
1794 3629 1836 3671 7.

1442 3700 1470 3741 4
1504 3697 1560 3742 V.
1596 3698 1754 3756 Lugo,
1783 3699 1846 3754 14,
1871 3699 1913 3742 8.
1937 3697 2299 3759 Βεραῑανίιεη
2331 3707 2450 3741 nam

1383 3767 1640 3813 interdum
1659 3767 1854 3814 absenti
1873 3779 2072 3827 quoque
2092 3766 2251 3812 honor
2271 3764 2451 3821 deferri
