2626 4048
252 123 356 180 318

525 143 668 181 tinen
704 142 769 180 m.
798 155 820 168 ·
854 143 1028 181 macr.
1065 142 1128 180 w.
1166 143 1230 180 ΒΕ
1266 142 1485 182 unlus
1520 141 1821 184 Vomanus
1857 144 2071 196 amum,
2109 146 2216 186 RVG.

849 300 996 354 ΛΚΤ.
1029 297 1121 354 111.
1155 302 1230 354 De
1267 301 1514 356 divisione
1551 302 1896 358 haereditatis.

326 435 450 488 398.
477 431 539 487 ln
564 432 911 489 divisionem
944 434 1326 489 haereditatis
1354 435 1602 491 veniunt
1631 438 1944 495 universae
1969 455 2062 496 res
2085 442 2145 497 et
2166 441 2484 507 commoda,

249 527 309 577 et
349 523 542 576 omnia
569 537 748 577 onera
777 508 1228 578 et⁰incommoda
1270 525 1698 590 haereditaria;
1738 527 1881 591 sive,
1924 530 2007 583 uti
2051 545 2207 586 nunc
2248 530 2484 595 dicitur,
2523 515 2551 565 ’·
2623 557 2626 563 ⁴

249 612 529 682 quidquid
554 616 800 678 activum,
824 613 1106 683 quidquid
1124 615 1395 683 passivum
1419 614 1477 667 in
1499 615 1871 671 haereditate
1895 619 2002 672 est.
2026 618 2319 690 Quidquid
2338 618 2485 675 acti·

255 716 419 762 vum;
466 702 618 757 idest
663 698 723 756 1⁰
756 718 862 757 seu
890 716 1146 772 corpora,
1187 718 1292 758 seu
1324 702 1591 776 jura(l);
1634 706 1884 775 demptis
1926 707 2160 778 legatis,
2189 711 2249 763 et
2278 708 2485 766 illicite

249 791 535 861 quaesitis
562 792 668 864 (2);
713 795 772 848 et
802 789 867 846 2⁰
902 792 1126 847 fructus
1165 808 1201 847 a
1241 793 1441 848 delata
1483 794 1849 850 haereditate
1894 797 2150 866 percepti
2188 794 2292 870 (3);
2334 797 2488 870 quod

250 882 379 936 heic
419 882 727 950 singulare
780 885 887 945 est,
947 899 1015 937 eo
1068 883 1208 952 quia
1231 886 1462 949 fructus
1500 892 1694 954 auqent
1737 886 2098 939 haereditatem
2140 885 2383 958 (4).,Sed
2437 885 2486 944 si

189 996 197 1003 ·
247 971 464 1041 aliquis
505 987 579 1027 ex
621 971 1043 1027 cohaeredibus
1074 972 1297 1027 fructus
1327 974 1602 1043 percepit,
1646 974 1739 1028 vel
1781 975 2002 1045 aliquid
2049 976 2316 1046 perdidit,
2353 980 2498 1043 con-⁷

247 1062 512 1131 sumpsit,
542 1062 834 1125 distraxit,
865 1078 997 1116 cum
1027 1077 1096 1117 eo
1126 1062 1368 1131 perinde
1397 1063 1694 1132 agendum
1739 1064 1870 1128 erit,
1899 1080 1968 1119 ac
1991 1080 2120 1120 cum
2158 1081 2495 1136 possessore,

248 1166 356 1207 seu
385 1152 571 1206 bonae
602 1167 706 1207 seu
738 1152 925 1207 malae
967 1151 1100 1207 fidei
1130 1150 1226 1223 (5).
1257 1152 1450 1207 Onera
1477 1168 1629 1223 quae
1671 1152 1731 1207 in
1773 1154 2070 1223 passivum
2101 1154 2487 1212 haereditatis

314 1334 330 1377 l
370 1332 427 1381 L.
463 1332 536 1387 20,
572 1332 600 1390 ἓ
636 1331 728 1376 ult.
766 1331 840 1377 De
870 1331 925 1376 P.
962 1331 1020 1375 Η.
1049 1331 1321 1389 (Ρειίιίοηθ

246 1406 625 1460 haereditatis).
649 1402 700 1448 Si
724 1414 853 1462 quae
883 1405 1050 1447 autem
1086 1404 1208 1446 sunt
1236 1400 1315 1445 in·

248 1478 536 1522 strumenta
562 1474 638 1519 vel
659 1473 919 1519 cautiones
938 1471 1320 1524 haereditariae,

246 1559 376 1606 quae
395 1545 473 1590 vel
494 1544 724 1604 singulas
741 1557 820 1589 res
839 1542 1221 1593 haereditarias,
1239 1540 1318 1587 vel

244 1629 564 1663 communem
591 1614 838 1675 pluribus,
862 1613 939 1658 vel
965 1617 1118 1658 totam
1147 1615 1319 1658 haere-

247 1687 458 1732 ditatem
493 1690 740 1746 spectant,
768 1687 894 1731 illae
918 1684 1052 1743 apud
1077 1697 1210 1736 eum,
1234 1683 1315 1729 cui

246 1771 326 1804 res
351 1757 547 1816 obtigit,
581 1759 716 1802 istae
739 1755 873 1815 apud
898 1769 1011 1800 eum
1038 1754 1134 1806 cui,
1160 1754 1317 1813 maj0r

246 1829 317 1875 rei
341 1843 474 1889 pars,
491 1832 589 1875 hae
608 1827 743 1887 apud
767 1840 881 1872 eum
908 1840 1054 1886 quem
1077 1825 1316 1871 haeredes

244 1901 501 1959 elegerint,
517 1899 758 1959 veljudex
772 1898 1103 1943 destinaverit
1116 1910 1316 1942 manere

248 1970 448 2027 debent,
464 1985 523 2017 ea
541 1971 650 2030 lege
671 1979 727 2015 ut
750 1970 932 2015 ceteris
955 1981 1168 2028 quorum
1191 1969 1317 2013 inte·

251 2045 354 2087 rest
370 2056 483 2087 cuin
503 2055 630 2101 opus
644 2041 798 2087 fuerit
815 2040 1152 2086 exhibeantur
1174 2038 1314 2096 (G.It.

250 2112 361 2159 999:
397 2113 454 2160 G.
476 2114 579 2158 842.
614 2115 686 2158 Ex
721 2112 774 2157 L.
799 2113 843 2167 ὃ,
877 2114 1067 2157 Famil.
1102 2111 1313 2168 ercisc).

308 2184 337 2227 2
370 2183 423 2228 L.
450 2188 490 2236 4,
523 2188 553 2237 5
583 2183 622 2237 2,
662 2185 844 2228 Famil.
879 2186 1052 2229 ercisc.
1085 2182 1306 2238 Lemnis,

250 2267 430 2313 nempe
464 2268 602 2314 pure,
633 2257 722 2299 aut
748 2253 843 2299 sub
866 2253 1152 2300 conditione
1187 2264 1314 2297 reso-

247 2325 405 2371 lutive
440 2326 630 2371 relictis
664 2325 740 2381 (L.
780 2326 844 2380 12,
877 2329 907 2378 5
939 2325 982 2378 2,
1010 2326 1164 2381 Eod.).
1201 2326 1315 2369 Illi·

243 2400 343 2444 cite
360 2411 407 2443 v.
426 2410 465 2442 c.
491 2410 551 2441 ex
575 2396 708 2442 furto
737 2395 815 2441 vel
842 2396 1130 2455 sacrilegio:
1156 2395 1244 2441 sed
1265 2398 1315 2440 et

250 2467 363 2512 libri
398 2467 707 2526 improbatae
741 2468 984 2520 lectionis,
1012 2481 1164 2526 penes
1193 2479 1312 2525 gen-

246 2538 379 2594 tiles,
413 2538 763 2598 corrumpendi
800 2545 944 2583 erant
976 2540 1086 2591 (Cit.
1113 2538 1167 2584 L.
1197 2540 1259 2595 4).

304 2609 333 2652 3
365 2608 419 2652 L.
439 2609 511 2662 22,
533 2613 559 2662 5
581 2612 622 2665 3,
649 2611 722 2654 De
746 2610 798 2652 P.
820 2611 878 2654 H.
905 2610 970 2653 Et
993 2609 1178 2654 nedum
1202 2622 1313 2668 per·

245 2680 396 2739 cepti,
429 2679 517 2724 sed
557 2683 606 2723 et
640 2680 726 2738 qui
761 2682 972 2724 honeste
1006 2680 1195 2738 percipi
1229 2693 1311 2739 po·

174 2773 193 2787 ·
245 2750 491 2803 tuissent;
527 2756 678 2809 prout
711 2751 760 2794 in
796 2763 1086 2809 possessore
1126 2763 1214 2795 seu
1254 2750 1310 2805 b.‚

248 2834 339 2865 seu
373 2835 437 2867 m.
472 2821 503 2865 f.
942 2851 945 2854 -

303 2896 329 2935 4
364 2893 459 2939 Cit.
490 2891 543 2936 L.
570 2891 645 2947 22,
668 2896 693 2945 5
716 2892 763 2944 3;
792 2890 848 2937 L.
871 2892 911 2940 9,
937 2892 990 2938 C.
1019 2893 1205 2936 Famz'l.
1232 2905 1309 2938 er·

246 2965 386 3016 cisc.;
420 2965 538 3021 Arg.
573 2976 634 3006 ex
679 2962 732 3010 C.
766 2961 828 3007 It.
861 2962 963 3013 933,
997 2966 1025 3017 5
1055 2963 1109 3014 23
1150 2964 1308 3007 Curia

242 3034 503 3088 Suprema
526 3034 798 3089 Neapolit„
822 3033 880 3076 22
911 3033 1023 3078 Jan.
1051 3032 1186 3089 18763
1211 3034 1306 3078 Ro-

244 3116 423 3154 mana,
452 3104 506 3146 27
525 3103 669 3148 Mart.
696 3103 828 3157 18773
858 3103 1307 3159 Giurisprudenza

242 3177 500 3229 Italiancz,
529 3175 634 3220 Vol.
662 3175 734 3229 29,
757 3189 803 3234 p.
828 3175 930 3219 613.
957 3175 1021 3219 Et
1043 3188 1189 3220 nemo
1216 3175 1306 3220 du·

244 3245 374 3290 bitat
408 3259 496 3291 nec
531 3247 580 3290 in
615 3247 735 3300 foro,
771 3260 861 3291 nec
900 3248 951 3291 in
986 3246 1188 3300 scholis,
1235 3247 1308 3291 ait

240 3316 477 3367 Laurent,
499 3315 583 3371 IX,
602 3318 703 3361 642.
727 3318 787 3361 Et
814 3318 1178 3377 aequissimum
1203 3318 1304 3369 est;

242 3400 358 3431 nam
392 3387 608 3446 quisque
642 3387 738 3431 sibi
780 3388 995 3433 invicem
1038 3387 1306 3432 restituere

240 3456 389 3502 debet
410 3457 660 3515 quidquid
677 3471 734 3501 ex
755 3457 1064 3503 haereditate
1085 3458 1306 3516 accepit;

240 3526 469 3584 illudque
495 3527 572 3572 vel
598 3528 835 3584 conferre,
854 3528 930 3572 vel
950 3528 1000 3572 in
1024 3528 1304 3586 portionem

241 3611 386 3642 suam
407 3599 673 3656 imputare.
694 3597 767 3641 Ex
788 3611 886 3658 quo
905 3597 1070 3656 palam
1091 3602 1184 3651 est,
1204 3597 1305 3642 huc

241 3681 338 3712 non
361 3668 607 3726 pertinere
623 3669 948 3713 cohaeredem
967 3670 1051 3727 qui
1068 3681 1185 3719 rem,
1205 3681 1303 3712 non

240 3739 387 3796 quasi
410 3738 812 3792 haereditariam,
833 3739 1077 3796 possidet,
1094 3738 1184 3783 sed
1206 3751 1303 3797 quo

242 3807 339 3852 alio
373 3810 591 3862 nomine,
626 3823 667 3853 v.
694 3822 749 3862 c.,
777 3812 1013 3867 emptam,
1047 3809 1303 3862 donatam,

1420 1332 1512 1376 etc.
1546 1329 1621 1382 (L.
1652 1329 1682 1374 9
1713 1330 1784 1386 ff.;
1819 1330 1872 1376 L.
1902 1331 1931 1375 2
1963 1331 2016 1376 in
2047 1330 2097 1378 fl.
2120 1332 2173 1381 C.
2199 1333 2273 1381 De
2308 1333 2363 1379 P.
2392 1336 2487 1391 E).

1477 1401 1506 1444 5
1542 1401 1594 1447 1..
1630 1401 1703 1459 20,
1736 1407 1764 1456 5
1798 1401 1846 1456 13
1882 1401 1936 1448 L.
1959 1402 2034 1456 22,
2072 1407 2102 1458 5
2134 1402 2226 1450 ult.
2248 1405 2322 1452 De
2345 1405 2402 1450 P.
2425 1405 2486 1451 Η.

1421 1472 1543 1518 Heio
1600 1475 1769 1519 autem
1825 1473 1987 1519 malae
2039 1473 2159 1520 fidei
2222 1487 2487 1535 possessor

1420 1542 1580 1588 fuisse
1614 1542 1933 1603 intelligitur,
1961 1545 2048 1604 qui
2082 1557 2182 1591 non
2213 1546 2484 1606 ignoravit,

1419 1627 1472 1658 se
1497 1613 1819 1659 cohaeredem
1845 1613 2049 1667 habere,
2076 1614 2248 1670 bonae,
2270 1615 2359 1681 qui
2382 1615 2483 1663 exi·
2560 1648 2562 1650 -
2601 1616 2606 1619 ’

1420 1686 1667 1738 stimavit,
1692 1698 1745 1730 se
1770 1685 1932 1731 solum
1960 1686 2245 1746 haeredem,
2265 1686 2347 1732 vel
2380 1699 2487 1734 rem

1420 1769 1518 1801 non
1542 1756 1929 1803 haereditariam
1957 1771 2067 1803 esse
2093 1757 2188 1814 (Ex
2212 1757 2358 1814 1..45,
2385 1760 2416 1812 5
2439 1757 2486 1814 2,

1419 1829 1661 1874 Fructus,
1688 1829 1873 1872 Famil.
1897 1831 2101 1885 ercis-c.,·
2133 1829 2274 1883 Voet,
2299 1826 2484 1889 Opusc.

1420 1899 1494 1944 De
1510 1898 1683 1954 famil.
1704 1901 1877 1945 ercisc.
1898 1900 2017 1959 Cap.
2035 1899 2094 1954 X,
2121 1913 2170 1947 n.
2198 1900 2283 1958 12).
2306 1898 2483 1960 Itaque

1419 1970 1462 2014 si
1496 1969 1619 2029 quid
1655 1972 1947 2026 perdiderit
1978 1970 2108 2016 nihil
2153 1970 2382 2016 restituit
2410 1969 2483 2026 (C.
2563 1980 2567 1988 ¹

1419 2040 1476 2087 G.
1512 2042 1616 2095 856,
1648 2042 1760 2095 8303
1794 2041 1852 2087 It.
1895 2042 2020 2095 1013,
2064 2041 2202 2098 10153
2235 2040 2289 2087 1..
2329 2040 2396 2096 19,
2428 2041 2482 2089 c.

1420 2116 1564 2158 Fam.
1599 2115 1804 2167 ercis-c.,·
1836 2112 1891 2158 L.
1916 2114 1991 2170 28,
2014 2118 2071 2168 55
2103 2113 2145 2166 1,
2169 2113 2210 2166 3,
2234 2113 2310 2160 De
2337 2113 2483 2169 petit.
2530 2139 2547 2173 13
2586 2163 2591 2166 ,

1416 2186 1662 2240 haered.).
1695 2183 1863 2228 Veluti
1904 2185 1964 2236 si,
1998 2197 2111 2230 cum
2156 2195 2219 2229 ex
2267 2183 2481 2230 semisse

1421 2255 1592 2300 haeres
1617 2259 1767 2311 esset,
1799 2259 1987 2314 putans
2011 2268 2066 2300 se
2088 2267 2149 2299 ex
2174 2267 2288 2300 asse
2311 2253 2483 2300 haere-

1411 2325 1530 2389 'dem
1556 2338 1683 2380 esse,
1701 2330 1892 2384 partem
1914 2325 2175 2370 dimidiam
2201 2324 2483 2378 haeredita-²
2567 2323 2589 2380 ζ

1419 2396 1486 2441 tis
1502 2409 1616 2442 cum
1637 2397 1833 2451 scortiS,
1854 2399 1941 2441 aut
1955 2395 2092 2441 ludis
2109 2395 2483 2458 consumpserit

1418 2465 1493 2518 (V-
1521 2468 1547 2524 ἓ
1573 2466 1675 2519 233,
1704 2469 1769 2521 7),
1801 2466 2080 2519 cohaeredi,
2115 2479 2180 2511 ex
2215 2465 2372 2512 altero
2404 2457 2482 2512 ἕοῖ

1418 2538 1573 2582 misse
1607 2537 1862 2591 instituto,
1894 2550 1994 2583 non
2028 2537 2295 2583 semissem
2336 2535 2510 2591 restit·
2547 2529 2598 2569 'V

1418 2611 1541 2661 tuet,
1582 2607 1671 2653 sed
1704 2608 1972 2654 dimidium
2008 2607 2240 2654 semissis
2274 2606 2350 2659 (L.
2385 2607 2484 2655 Sed

1417 2681 1527 2729 etsi,
1546 2679 1620 2731 28,
1633 2683 1662 2733 5
1676 2682 1808 2726 Adeo
1823 2683 2014 2732 autem,
2031 2679 2102 2732 15,
2116 2679 2191 2724 De
2203 2679 2349 2735 petit.
2362 2680 2482 2726 hae·

1418 2752 1556 2804 rect).
1578 2750 1735 2795 Secus
1759 2750 1819 2803 si,
1840 2762 1885 2794 v.
1904 2761 1961 2803 c.,
1981 2749 2189 2793 divitem
2211 2760 2265 2792 se
2289 2746 2480 2794 factum

1415 2823 1618 2879 putans,
1642 2819 1781 2872 haec,
1805 2832 1904 2863 non
1939 2831 2004 2865 ex
2037 2817 2363 2873 haereditate,
2389 2817 2480 2863 sed

1416 2903 1475 2934 ex
1500 2902 1593 2934 suo
1617 2890 1921 2948 patrimonio
1955 2889 2258 2943 detraxerit;
2293 2887 2371 2934 vel
2394 2900 2480 2934 aes

1415 2960 1633 3004 alienum
1668 2960 1990 3012 contraxerit,
2016 2962 2066 3004 et
2089 2972 2167 3004 res
2191 2957 2477 3005 haeredita·

1415 3032 1515 3075 rias
1535 3032 1731 3089 pignori
1750 3029 2051 3089 obligaverit
2068 3030 2182 3086 (Cit.
2201 3029 2256 3075 L.
2281 3028 2400 3088 28,§
2425 3028 2482 3075 δι’

1413 3104 1528 3158 quis
1557 3114 1616 3147 re
1649 3114 1778 3153 sua,·
1813 3100 1955 3155 Voet,
1989 3102 2029 3155 5,
2066 3101 2108 3153 3,
2150 3101 2236 3155 16).
2265 3098 2319 3146 Si
2357 3099 2482 3160 quid

1413 3172 1726 3223 distraxerit,
1769 3170 1830 3216 de
1873 3172 2034 3231 pretio
2078 3171 2350 3216 dumtaxat
2396 3170 2478 3229 agi

1412 3243 1609 3300 poterit,
1636 3245 1686 3286 et
1708 3247 1959 3302 quatenus
1983 3242 2147 3287 factus
2166 3243 2244 3287 est
2261 3238 2481 3300 locuple-

1411 3314 1508 3357 tior
1541 3314 1654 3361 (Cit.
1688 3313 1743 3358 L.
1774 3314 1847 3367 28,
1871 3317 1898 3366 5
1925 3312 2207 3358 Consuluit.
2217 3329 2232 3367 ;
2256 3312 2397 3365 Voet,
2420 3309 2479 3370 V,

1409 3384 1452 3435 3,
1486 3384 1577 3441 18).
1612 3383 1788 3443 Itaque
1821 3385 1864 3429 si
1900 3397 1997 3429 non
2021 3380 2111 3428 'est
2143 3383 2309 3429 factus
2339 3380 2478 3428 locu-

1410 3454 1605 3512 pletior,
1634 3468 1732 3499 non
1765 3453 1884 3500 licet
1909 3453 2110 3500 haeredi
2136 3465 2280 3511 agere
2305 3450 2478 3497 edver-

1408 3538 1499 3569 sus
1520 3527 1587 3569 rei
1613 3537 1976 3584 possessorem,
1996 3537 2075 3577 ne,
2093 3536 2144 3568 re
2165 3523 2342 3576 evicta,
2362 3533 2479 3567 ven-

1408 3596 1541 3641 ditor
1572 3597 1624 3641 in
1668 3595 1719 3640 id
1754 3595 2116 3640 condemnetur
2159 3594 2210 3638 in
2245 3604 2344 3652 quo
2377 3603 2476 3638 non

1408 3670 1486 3711 est
1518 3666 1684 3712 factus
1717 3666 1872 3711 ditior
1904 3665 2018 3722 (cit.
2039 3664 2094 3709 L.
2118 3657 2191 3718 28,
2213 3667 2242 3716 ἓ
2276 3665 2406 3708 Item
2429 3664 2478 3707 si

1407 3749 1511 3791 res,
1534 3737 1606 3791 173
1626 3736 1822 3784 Chabot
1840 3735 1906 3780 ad
1924 3736 1975 3783 C.
1997 3735 2054 3781 G.
2074 3737 2181 3780 Art.
2201 3734 2303 3788 756,
2322 3746 2370 3778 n.
2397 3732 2474 3788 163

1406 3808 1629 3862 Zachar.,
1663 3809 1767 3862 616,
1802 3807 1894 3862 32).
