2626 4048
219 116 317 176 106
406 137 549 176 unm
581 137 646 175 m.
681 148 707 162 -
738 137 909 176 raam.
944 135 992 175 u.
1028 137 1093 175 nu
1127 135 1283 175 assus
1317 135 1379 175 rr
1412 135 1477 175 us
1508 135 1816 182 Ασαυιιιιιωο
1850 134 2022 175 annun
2053 133 2260 176 nomio
2371 102 2570 183 ’,ΔᾉΦ

296 217 416 275 135.
457 220 564 275 Sed
603 234 679 275 an
721 219 898 275 etiam
937 217 1176 274 traditio
1215 217 1292 273 sit
1332 218 1704 275 necessaria?
1741 218 1955 291 Utique
1995 232 2072 274 ex
2101 218 2239 289 jure
2277 181 2453 275 (1011ιῖτ

215 310 375 366 muni
398 308 533 380 (10);
563 324 675 364 non
705 309 843 364 item
871 323 946 362 ex
967 307 1083 362 NN.
1107 306 1227 368 LL.,
1257 306 1360 362 sed
1387 307 1511 363 sola
1536 307 1747 364 domini
1776 306 2098 371 voluntat'e.
2122 320 2244 363 rem
2265 321 2430 364 suam
2485 342 2507 377 ,.

217 399 278 454 in
317 396 496 454 alium
545 397 972 459 transferentis,
1019 394 1336 450 dominium
1380 395 1706 466 acquiritur
1752 412 1882 452 eam
1926 396 2255 467 acceptanti
2297 393 2429 467 (11).

213 487 614 548 Nihilominus,
657 486 842 555 quoad
896 484 1116 547 tertios,
1157 484 1436 539 alienatio
1482 499 1677 540 rerum
1725 486 2020 541 mobilium
2072 485 2199 541 sine
2246 483 2465 541 tradi--
2551 454 2588 543 J

213 578 371 633 tione
416 577 562 646 (12);
610 591 802 630 rerum
846 589 984 631 vero
1044 574 1423 629 immobilium
1463 572 1744 630 alienatio
1790 575 1916 631 sine
1962 575 2430 647 transcriptione,

216 666 545 722 traditionis
586 665 724 727 1000,
767 664 958 719 nullas
999 679 1179 734 penes
1220 678 1321 719 nos
1361 664 1518 719 vires
1558 666 1734 720 habet
1761 663 1896 736 (13).

912 858 1063 912 ΛΒΤ.
1102 857 1197 912 ΙΙΙ.
1238 861 1317 912 De
1355 861 1739 913 accessionibus,

298 1009 417 1063 136.
443 1007 715 1063 Accessio
744 1009 857 1062 est:
888 1008 989 1060 Rei
1010 1009 1081 1060 ad
1105 1024 1212 1061 rem
1239 1010 1363 1062 unio
1389 1015 1439 1061 et
1454 1010 1705 1062 adhaesio.
1730 1008 2079 1063 Accessione
2108 1023 2183 1063 ex
2209 1006 2436 1063 duabus

221 1102 395 1154 rebus
435 1099 499 1152 fit
541 1113 681 1161 una;
723 1097 951 1167 quoties
979 1096 1163 1165 igitur
1203 1111 1315 1151 non
1358 1097 1509 1152 idem
1538 1100 1626 1153 est
1670 1097 1972 1168 utriusque
2001 1098 2285 1160 dominus,
2329 1110 2437 1152 nec

222 1188 359 1242 unio
402 1188 554 1242 sacta
595 1187 702 1241 fuit
744 1202 1029 1241 consensu
1060 1186 1380 1257 utriusque,
1410 1188 1525 1241 utri
1557 1203 1650 1243 res
1678 1188 1761 1243 sic
1792 1189 1955 1244 unita
1993 1186 2334 1244 debebitur?
2362 1187 2436 1242 Et

219 1277 593 1346 regulariter,
622 1275 672 1331 1⁰
689 1276 739 1331 si
768 1275 1024 1345 separari
1055 1277 1296 1345 possunt
1322 1275 1451 1331 sine
1475 1277 1642 1344 gravi
1666 1293 1867 1332 earum
1889 1277 2255 1341 detrimentO,
2278 1279 2436 1332 utra·

219 1382 334 1438 que
363 1382 467 1422 suo
493 1366 723 1420 domino
750 1364 1076 1434 separanda
1103 1368 1192 1419 est
1218 1363 1322 1437 (1);
1353 1380 1522 1420 secus
1562 1366 1618 1420 2⁰
1643 1367 2032 1422 accessorium
2061 1365 2435 1436 regulariter,

219 1458 276 1511 vi
310 1457 489 1512 solius
515 1454 888 1516 accessionis,
916 1454 1074 1508 cedit
1104 1454 1405 1524 principali
1437 1453 1544 1527 (2);
1575 1456 1678 1511 sed
1705 1455 1761 1511 3⁰
1792 1455 1841 1510 is
1869 1457 1960 1511 cui
1991 1471 2084 1511 res
2110 1454 2439 1511 accessoria
2493 1499 2496 1502 .

219 1547 391 1609 cedit,
425 1561 666 1601 necesse
710 1545 886 1598 habet
928 1543 1178 1612 pretium
1219 1543 1445 1600 solvere
1486 1546 1687 1615 quanti
1722 1561 1793 1600 ea
1822 1561 1916 1601 res
1943 1546 2103 1600 valet
2128 1544 2233 1616 (3);
2276 1548 2355 1607 et,
2387 1543 2439 1599 si

221 1637 468 1706 ipsemet
491 1651 618 1690 eam
640 1634 731 1703 adj
743 1633 908 1687 unxit
930 1633 1084 1686 mala
1106 1633 1234 1695 fide,
1258 1634 1461 1703 quanti
1493 1637 1801 1704 praeterea
1830 1635 2078 1691 interest
2104 1633 2318 1689 domini
2343 1633 2436 1706 (4).

223 1727 332 1783 Sed
363 1728 508 1780 haec
538 1724 897 1793 generatim:
928 1738 1081 1776 nunc
1115 1723 1349 1790 singula
1377 1723 1775 1793 dispiciamus;
1807 1727 1866 1779 et
1897 1724 2213 1788 videamus,
2243 1727 2439 1779 utrum
2472 1750 2474 1754 >

225 1816 486 1873 accessio
527 1815 680 1869 sacta
719 1813 797 1867 sit
837 1813 894 1866 iu
938 1827 998 1866 re
1040 1812 1165 1875 soli,
1206 1807 1279 1866 an
1325 1815 1383 1867 in
1425 1828 1487 1867 re
1530 1814 1744 1867 mobili.

303 1908 423 1961 137.
455 1906 518 1958 In
561 1920 623 1959 re
656 1901 761 1957 soli
802 1901 1059 1956 accessio
1087 1901 1150 1955 fit
1181 1902 1271 1956 vel
1310 1903 1557 1956 hominis
1587 1902 1887 1966 industria,
1928 1903 2022 1958 vel
2064 1902 2186 1958 sola
2212 1903 2441 1959 natura.

226 1997 479 2049 HoM1N1s
519 2006 842 2047 INDUSTRIA
881 1992 1241 2058 inaedificatz‘o,
1272 1994 1554 2062 plantano,
1593 1996 1737 2045 satio.
1779 1992 2070 2063 Quidquid
2110 1990 2295 2062 igitur
2320 1991 2442 2047 solo

229 2085 653 2144 inaedificatur,
697 2082 1010 2151 plantatur,
1053 2081 1283 2144 seritur,
1325 2081 1446 2135 solo
1475 2081 1749 2152 cedit(5);
1782 2097 1986 2151 nempe
2016 2068 2208 2137 refuso
2238 2081 2438 2152 pretio·

235 2273 367 2319 diem
393 2272 699 2330 adscriptam
723 2283 892 2315 veram
915 2282 1025 2315 esse
1048 2269 1286 2326 (Zachar..

234 2345 335 2394 756,
354 2344 439 2397 11),
458 2346 808 2402 praeterquam
826 2341 877 2385 in
897 2340 1119 2399 negociis
1145 2340 1288 2386 initis

233 2414 518 2460 commercii
555 2426 721 2459 causa.
760 2411 858 2457 Sed
896 2415 1155 2470 receptum
1198 2414 1290 2465 est,

234 2498 342 2528 eam
379 2497 545 2528 veram
579 2482 832 2542 praesumi
865 2482 917 2526 in
950 2482 1290 2540 acceptilatio-

232 2554 396 2600 nibus.
418 2554 639 2605 Zachar.,
661 2554 764 2606 756,
787 2554 866 2606 973
889 2553 1082 2606 Mazzo.,
1106 2552 1160 2606 V,
1193 2553 1289 2598 149.

294 2626 349 2669 10
375 2625 429 2670 L.
447 2626 518 2677 20,
539 2625 588 2672 C.
607 2626 681 2671 De
695 2628 860 2680 pacm
884 2624 936 2671 C.
954 2627 1047 2668 Au.
1066 2623 1165 2667 425.
1192 2622 1291 2669 Seu

235 2709 363 2750 vera,
399 2709 487 2740 seu
522 2695 654 2746 ficta,
689 2699 778 2740 aut
811 2694 1102 2750 symbolica.

300 2770 344 2810 11
383 2767 435 2814 c.
468 2766 524 2812 G.
559 2766 684 2819 1138,
729 2765 853 2816 1583,
893 2765 1026 2818 16893
1065 2764 1122 2808 lt.
1164 2764 1292 2817 1125,

238 2838 366 2891 1448,
405 2837 531 2883 1538.
565 2836 708 2882 Licet
742 2836 941 2881 mobilis
975 2849 1031 2880 ea
1068 2837 1163 2881 sit:
1210 2835 1292 2880 lex

236 2922 333 2954 non
350 2907 637 2967 distinguit.
657 2907 821 2963 Laur.,
837 2906 967 2958 XVI,
987 2907 1090 2953 363.
1107 2907 1293 2954 Contra

239 2979 394 3024 Toull.
429 2983 478 3024 et
510 2979 673 3038 Tropl.

304 3051 356 3093 12
387 3051 462 3094 Ex
497 3051 547 3097 C.
583 3050 640 3096 G.
668 3047 808 3102 22793
843 3048 899 3092 It.
925 3048 1025 3093 707.
1049 3046 1108 3093 V.
1140 3051 1169 3099 ἓ
1198 3047 1291 3091 129.

234 3120 294 3165 In
317 3123 543 3167 cessione
570 3122 778 3181 jurium,
801 3133 888 3178 pro
910 3118 1180 3164 traditione
1215 3121 1293 3163 est

235 3192 631 3237 instrumentum
665 3190 922 3242 cessionis,
954 3188 1166 3234 debitori
1200 3188 1289 3233 de-

236 3262 558 3307 nunciatum:
584 3260 924 3321 quamobrem,
942 3262 1055 3304 ante
1078 3259 1185 3318 ejus
1209 3258 1291 3303 de-

242 3332 632 3384 nunciationem,
656 3332 731 3376 vel
765 3333 1075 3390 acceptatam
1109 3344 1137 3374 a
1159 3328 1291 3374 debi-

234 3407 340 3449 tore
355 3406 469 3447 actu
487 3401 776 3447 authentico
789 3403 1085 3454 cessionem,
1098 3401 1289 3460 jurium

235 3473 518 3526 translatio,
548 3472 711 3531 quoad
745 3474 934 3525 tertios,
968 3485 1065 3518 non
1097 3470 1289 3516 intelli·

234 3544 386 3602 gitur.
415 3544 468 3591 C.
492 3543 551 3589 G.
586 3543 716 3597 1689;
743 3542 801 3587 It.
833 3544 961 3588 1539.

304 3614 356 3658 13
389 3614 441 3661 C.
468 3612 524 3658 It.
552 3612 675 3656 1932.
702 3611 757 3656 V.
783 3614 834 3659 C.
858 3616 952 3658 Au.
975 3614 1077 3658 440.

301 3685 317 3727 1
347 3684 400 3731 C.
425 3683 483 3728 It.
505 3683 607 3737 464,
630 3684 731 3727 471.
754 3682 821 3727 Ut
843 3687 966 3741 puta
989 3684 1091 3741 pali
1114 3683 1293 3735 vineis,

235 3754 437 3812 tegulae
459 3747 667 3799 aedibus
678 3753 901 3812 junctae.
924 3753 1077 3798 Secus
1101 3766 1162 3799 ex
1180 3753 1294 3813 Jure

241 3822 432 3870 Comm.
465 3827 514 3867 et
547 3822 753 3868 Gallico.

1441 2270 1470 2314 2
1490 2269 1565 2315 Ex
1587 2270 1641 2316 L.
1665 2271 1739 2323 20,
1764 2271 1791 2328 g
1816 2272 2205 2318 Perveniamus.
2220 2271 2297 2319 De
2318 2283 2440 2318 aur.

1383 2353 1495 2398 ary.
1526 2342 1616 2398 leq.
1651 2340 1989 2387 Nihilominus
2022 2343 2066 2387 si
2098 2344 2273 2402 postea
2313 2341 2440 2389 forte

1383 2415 1617 2470 exempta
1632 2411 1801 2464 fuerit,
1815 2411 2048 2458 dominus
2067 2412 2318 2460 vindicare
2330 2426 2445 2474 eam
2480 2462 2486 2469 ,

1384 2483 1583 2541 poterit,
1622 2483 1723 2528 nisi
1765 2484 1982 2542 pretium
2029 2485 2095 2529 sit
2136 2486 2438 2531 consecutus

1385 2554 1431 2610 (ἕξ
1453 2553 1523 2609 29,
1549 2554 1623 2600 De
1653 2554 1772 2601 Rer.
1805 2556 1978 2610 divis.;
2002 2555 2199 2608 Mazzo.,
2233 2554 2318 2610 111,
2345 2553 2445 2614 32).
2479 2564 2485 2571 ¹

1387 2623 1502 2668 Dixi
1527 2626 1579 2669 υι·
1600 2626 1760 2669 solius
1784 2628 1901 2677 etc.;
1924 2624 2142 2683 adeoque
2165 2625 2261 2671 etsi
2285 2638 2315 2670 a
2333 2624 2442 2671 fure

1386 2695 1456 2739 sit
1491 2693 1623 2741 facta
1657 2695 1749 2751 (Ex
1784 2695 1836 2742 C.
1871 2695 1929 2741 G.
1960 2695 2072 2750 5773
2107 2694 2166 2740 It.
2201 2695 2313 2749 4753
2346 2698 2450 2742 Au.

1387 2765 1476 2807 415
1507 2768 1631 2820 etc.;
1661 2764 1821 2817 Vinn.,
1844 2766 1895 2809 in
1928 2769 1957 2818 ἓ
1987 2765 2061 2815 26,
2085 2778 2131 2811 n.
2155 2765 2198 2815 3,
2221 2765 2298 2812 De
2323 2764 2444 2813 Rer,

1387 2837 1565 2887 divi5.,·
1590 2835 1742 2887 Voet.,
1767 2836 1839 2888 41,
1864 2836 1899 2890 1,
1925 2837 2015 2891 21).
2034 2835 2220 2881 Verum
2241 2835 2287 2882 si
2307 2835 2442 2882 facta

1386 2905 1454 2950 sit
1486 2918 1515 2949 a
1547 2904 1747 2950 domino
1774 2907 1843 2962 rai
1879 2906 2199 2959 accessoriae,
2220 2905 2443 2966 periculo

1388 2977 1498 3034 ejus
1533 2976 1639 3029 erit,
1678 2975 1843 3035 quoad
1876 2976 2111 3022 dominus
2150 2977 2220 3022 rei
2253 2978 2443 3036 princi·

1387 3045 1517 3102 palis
1551 3060 1660 3091 eam
1694 3046 2040 3092 vindicaverit.
2072 3047 2149 3092 Ex
2181 3047 2235 3094 L.
2269 3049 2341 3106 41,
2376 3050 2448 3096 De

1387 3117 1536 3163 Petit.
1561 3119 1775 3164 heredit.

1448 3188 1475 3230 3
1507 3186 1561 3231 L.
1592 3187 1663 3242 24,
1687 3191 1715 3242 5
1739 3188 1779 3239 3,
1801 3189 1876 3235 De
1899 3191 1953 3235 R.
1988 3189 2035 3233 V.
2059 3188 2247 3247 Nempe
2269 3189 2443 3248 sijure

1389 3258 1693 3304 accessionis
1730 3259 1802 3303 uti
1836 3259 1981 3304 velit:
2009 3273 2169 3319 neque
2193 3259 2326 3305 enim
2359 3257 2444 3305 ob-

1387 3329 1523 3373 trudi
1540 3332 1705 3387 potest
1724 3330 1912 3375 invitis.
1924 3330 2227 3387 V.Laurent‚
2242 3329 2325 3386 VI,
2340 3331 2446 3376 182.

1448 3401 1474 3442 4
1507 3399 1582 3443 Ex
1605 3399 1661 3445 L.
1694 3401 1740 3444 14
1775 3415 1845 3459 pr.
1869 3403 1940 3447 De
1963 3402 2019 3444 A.
2045 3403 2104 3445 Ε.
2139 3402 2186 3446 V.

1446 3472 1475 3514 5
1490 3474 1547 3523 ἓξ
1564 3471 1635 3525 29,
1654 3471 1724 3524 31,
1745 3473 1818 3518 De
1834 3473 1893 3516 R.
1913 3473 1972 3518 D.
1991 3471 2166 3531 Itaque
2185 3472 2229 3517 si
2255 3471 2442 3533 aliquis

1388 3542 1439 3586 in
1482 3556 1573 3586 suo
1616 3541 1722 3588 solo
1762 3542 2203 3588 aedificaverit'ex
2239 3542 2446 3589 materia

1389 3612 1564 3666 aliena,
1600 3614 1727 3671 ipse;
1764 3614 1843 3658 sin
1868 3626 1929 3658 ex
1961 3627 2072 3669 sua,
2103 3612 2442 3667 velalterius,

1390 3683 1440 3725 in
1466 3682 1640 3736 alieno,
1668 3683 1712 3727 is
1742 3683 1801 3727 fit
1827 3682 2059 3728 dominus
2095 3682 2309 3728 aedificii
2344 3683 2448 3739 (eit.

1388 3755 1417 3805 g
1436 3753 1509 3810 29,
1541 3753 1596 3797 L.
1630 3753 1674 3808 7,
1707 3754 1781 3800 De
1802 3756 1854 3798 A.
1882 3755 1942 3798 R.
1964 3755 2050 3807 D.,·
2073 3754 2126 3802 C.
2159 3754 2216 3800 G.
2247 3755 2359 3810 555;
2384 3753 2443 3799 It.

1389 3821 1500 3876 4493
1532 3825 1626 3868 Au.
1655 3824 1777 3882 416).
1810 3824 1937 3869 Item
1970 3826 2014 3870 si
2048 3837 2203 3884 supra
2225 3824 2446 3871 alienum

2472 200 2506 219 ,Ι

2464 225 2484 231 1-
2506 222 2511 233 1
2549 220 2555 227 ¹

2478 234 2504 269 ε’.
2528 246 2536 254 ,,
2555 246 2594 262 ,Γ

2503 275 2505 282 .

2490 279 2518 331 ό
2567 267 2581 294 ⁵*
