2626 4048
220 108 319 167 108
403 128 547 167 unm
580 127 646 167 m.
681 139 706 153 ·
738 128 908 169 macr.
945 127 992 166 n.
1028 128 1093 167 nt
1126 127 1285 167 ussus
1317 127 1380 167 ιτ
1412 128 1478 168 us
1511 126 1817 173 *comacum
1852 126 2024 168 nuncu
2058 119 2295 170 bonmo'
2333 85 2365 109 ²

217 214 363 284 quod
403 213 726 275 avulsione,
769 227 873 282 per
910 210 1350 280 occupationem
1393 210 1521 281 post
1558 224 1794 275 annum,
1837 210 1948 268 nisi
1994 225 2122 268 eam
2161 189 2583 290 dominus‘f'}

214 302 601 358 vindicaverit
638 301 772 372 (ll).
815 302 960 355 Item
1002 299 1048 354 si
1090 299 1304 355 flumen
1343 299 1416 354 ab
1458 313 1576 354 una
1614 298 1741 370 ripa
1781 299 2082 370 paullatim
2124 301 2425 366 recedere,
2491 350 2505 382 ι.

214 396 274 448 et
304 394 477 461 Juxta
515 390 761 445 alteram
802 390 982 444 fluere
1022 387 1298 457 coeperit,
1339 387 1497 443 locus
1543 387 1859 444 derelictus
1902 388 1990 444 his
2035 390 2282 453 accedit,
2324 389 2457 462 qui:
2482 415 2515 425 ¹.
2568 350 2582 477 ²3

205 484 378 550 juxta
417 481 599 550 ripam
640 482 789 531 illam
827 492 1002 546 agros
1045 476 1356 546 possident,
1406 476 1566 531 nullo
1605 476 1796 531 refuso
1835 477 2044 533 damno
2079 477 2215 551 (12).
2253 476 2328 535 Et
2381 477 2432 535 si

216 571 446 630 flumen,
476 572 596 623 toto
623 568 793 622 alveo
819 566 1072 621 naturali
1103 564 1324 629 relicto,
1352 565 1468 620 alio
1490 564 1670 621 fluere
1699 566 1957 636 coeperit
1980 568 2137 637 (alvei
2159 565 2431 640 mutacio),

215 658 371 728 prior
395 658 601 711 alveus
642 656 914 725 ripuariis
941 654 1189 716 accedit,
1222 670 1321 724 pro
1351 654 1606 724 riparum
1647 651 2016 724 longitudine
2055 658 2262 728 aequis
2302 673 2433 729 par-

213 748 369 801 tibus
395 745 528 815 (13).
570 746 822 808 Quorum
864 747 953 799 est
988 747 1047 799 et
1086 760 1216 798 nova
1253 746 1432 798 insula
1474 744 1532 798 in
1574 744 1761 799 medio
1802 744 2039 801 flumine
2082 750 2250 802 nata:
2293 745 2433 803 dum

216 853 290 892 ne
332 836 542 891 flumen
586 835 661 890 sit
702 834 1058 904 navigabile,
1101 836 1193 888 vel
1235 836 1435 905 aptum
1477 834 1651 889 rebus
1691 835 1974 890 vehendis
2001 833 2139 908 (14).

296 928 413 981 138.
447 926 511 979 In
553 942 615 980 re
655 925 848 979 mobili
879 925 1030 979 duae
1072 941 1165 980 res
1207 925 1288 979 ita
1328 925 1481 979 uniri
1512 927 1765 995 possunt,
1812 926 1863 979 1⁰
1893 928 1957 980 ut
1997 926 2091 982 vel
2134 941 2254 982 una
2280 925 2433 982 inte·

215 1019 422 1085 gretur
461 1030 535 1069 ex
572 1015 779 1078 altera,
822 1015 914 1069 vel
958 1014 1014 1067 2ο
1042 1017 1108 1069 ut
1149 1030 1222 1069 ex
1263 1016 1510 1085 utraque
1553 1030 1703 1070 nova
1743 1014 1970 1085 species
1999 1015 2305 1079 efficiatur,
2335 1014 2433 1071 vel

213 1105 269 1160 3⁰
298 1109 361 1159 ut
403 1120 580 1158 unum
621 1108 849 1159 tantum
896 1119 969 1159 ex
1008 1104 1288 1159 ambabus
1336 1119 1543 1173 corpus
1588 1104 1916 1160 coalescat:
1968 1105 2104 1160 inde
2149 1106 2437 1173 adjunctio,
2508 1139 2513 1160 .

213 1197 529 1264 specificatio,
573 1197 635 1247 et
673 1195 981 1259 commixtio,
1020 1208 1125 1248 seu
1163 1195 1416 1259 confusio.
1458 1194 1659 1264 Itaque
1707 1195 2006 1263 adjunctio
2059 1193 2435 1263 intelligitur,

216 1299 346 1338 cum
386 1284 535 1337 duae
576 1297 671 1337 res
711 1283 793 1337 ita
811 1283 1164 1352 junguntur,
1194 1285 1260 1336 ut
1288 1296 1362 1336 ex
1390 1285 1640 1352 utraque
1671 1298 1850 1337 unum
1886 1299 2093 1353 corpus
2136 1283 2434 1352 integrum

215 1373 519 1435 efficiatur,
543 1372 796 1427 discreta
819 1373 1092 1426 manente
1122 1371 1427 1440 utriusque
1451 1371 1781 1427 substantia
1805 1370 1940 1446 (15).
1966 1373 2060 1427 Fit
2089 1372 2436 1437 inclusione,

215 1466 470 1524 textura,
512 1462 817 1531 scriptura,
856 1461 1097 1530 picturis
1125 1465 1236 1515 etc.
1260 1460 1388 1532 (16).
1417 1462 1740 1531 Utcumque
1781 1461 1858 1515 sit
1898 1462 2066 1524 facta,
2111 1462 2159 1517 si
2198 1450 2441 1517 resne-

217 1557 438 1623 queant
478 1552 734 1621 separari
768 1550 822 1622 (ἓ
855 1551 975 1614 136,
1011 1552 1077 1619 1),
1105 1550 1491 1605 accessorium
1521 1550 1674 1606 cedit
1715 1550 2018 1621 principali
2052 1548 2191 1623 (17):
2226 1563 2432 1606 verum
2523 1615 2525 1621 Α
2579 1559 2607 1580 ·”

216 1642 263 1696 si
293 1642 684 1696 accessorium
714 1641 788 1694 sit
817 1640 990 1709 louge
1034 1639 1360 1709 pretiosius
1389 1641 1446 1694 in
1482 1642 1768 1710 potestate
1809 1641 2021 1696 domini
2060 1641 2187 1711 ejus
2214 1641 2305 1695 est
2331 1642 2438 1696 aut

216 1734 403 1786 totum
433 1732 539 1785 sibi
564 1731 881 1793 vindicare,
903 1733 1007 1785 aut
1037 1745 1157 1784 rem
1186 1745 1348 1784 suam
1380 1730 1654 1793 eximere,
1678 1730 1816 1785 licet
1846 1730 1902 1784 id
1931 1730 2057 1786 sine
2086 1729 2437 1785 detrimento
2472 1750 2474 1755 ·

217 1822 465 1876 alterius
506 1821 589 1875 rei
634 1821 758 1875 fieri
801 1835 914 1874 nou
943 1820 1120 1889 possit
1151 1818 1285 1891 (18).
1315 1821 1490 1874 Porro
1517 1819 1907 1875 accessorium
1935 1819 2255 1890 accipimus
2284 1818 2439 1891 quod

217 1911 389 1967 alteri
421 1911 513 1964 vel
555 1911 969 1974 additament0‚
1005 1910 1098 1965 vel
1140 1911 1497 1972 ornamentO,
1527 1909 1621 1964 vel
1655 1909 1785 1964 usui
1829 1910 1918 1964 est
1949 1907 2090 1981 (19):
2133 1908 2180 1964 si
2222 1910 2436 1963 neutra

217 2001 544 2055 accessoria
566 2000 852 2061 videatur,
876 2014 1026 2068 quae
1050 1999 1377 2068 pretiosior;
1403 2003 1459 2053 et
1483 1998 1528 2052 si
1555 1998 1716 2052 nulla
1742 1997 2060 2067 pretiosior,
2085 2013 2234 2068 quae
2257 1998 2442 2068 major

284 2223 330 2267 ll
361 2222 415 2272 C.
439 2224 496 2269 G.
519 2222 630 2277 5593
656 2221 717 2266 It.
741 2223 840 2266 456.
872 2220 929 2268 V.
953 2225 1009 2275 §g
1030 2222 1100 2275 20,
1122 2221 1173 2266 21
1204 2223 1277 2268 De

224 2296 280 2340 R.
303 2295 385 2347 D.;
405 2295 457 2341 C.
482 2294 575 2338 Au.
600 2293 704 2346 411,
727 2292 827 2337 412.
851 2292 915 2337 Et
940 2297 1055 2352 post
1088 2306 1276 2338 annum

222 2366 349 2410 satis
368 2369 460 2418 est,
478 2377 571 2415 me,
596 2364 672 2409 vel
698 2378 797 2409 uno
819 2362 898 2408 die
923 2369 1052 2422 ante,
1071 2378 1179 2409 eam
1202 2376 1275 2410 oc-

222 2449 435 2495 cupasse
452 2434 676 2489 (Demol.,
691 2434 1277 2490 X‚108;Mazzo.,111,37).

232 2509 316 2553 Vel
337 2508 520 2562 septis‚·
539 2506 658 2564 quia
675 2519 819 2564 sepes
840 2506 902 2550 ad
926 2505 1154 2561 tuendos,
1179 2519 1277 2551 non

223 2576 286 2622 ad
310 2575 610 2621 limitandos
644 2589 790 2632 agros
823 2578 1096 2635 pertinent:
1121 2580 1170 2623 et
1197 2576 1278 2622 lex

223 2660 322 2692 non
357 2646 643 2704 distinguit.
667 2650 733 2690 At
766 2647 807 2691 si
841 2647 962 2706 quid
996 2648 1047 2691 in
1082 2661 1208 2706 meo,
1228 2648 1278 2692 vi

227 2718 470 2769 fluminis,
490 2717 686 2775 lapsum
703 2717 779 2761 vel
804 2718 1095 2775 impositum
1112 2718 1279 2780 fuerit,

219 2788 353 2833 haec
386 2787 620 2833 dominus
659 2787 1074 2847 quandocumque
1107 2790 1280 2835 tollere

226 2861 408 2918 potest,
441 2857 607 2903 refuso
642 2857 844 2911 damno;
879 2858 966 2903 sed
991 2859 1159 2904 omnia
1180 2859 1277 2905 tol-

230 2929 331 2973 lere
363 2927 523 2974 debet.
544 2928 600 2973 L.
620 2929 663 2982 9,
688 2929 715 2986 ἓ
739 2927 769 2970 2
793 2929 866 2976 De
887 2933 1019 2973 dam.
1047 2930 1144 2987 inf.

288 3000 339 3042 12
364 2999 415 3046 C.
441 3000 498 3045 G.
522 3000 638 3051 5572
662 2998 721 3044 It.
739 3000 841 3045 454.
862 2999 1049 3059 Nempe
1072 3001 1116 3046 si
1139 3000 1279 3047 locus

228 3069 498 3115 derelictus
526 3070 698 3115 alveus
731 3083 842 3115 esse
866 3069 1040 3115 desiit:
1064 3070 1209 3124 idest,
1235 3073 1278 3117 si

225 3153 324 3185 non
360 3141 575 3198 amplius
613 3141 800 3186 fiumen
834 3141 1042 3201 recipiat
1079 3141 1279 3200 quando

222 3208 473 3254 imbribus
487 3212 756 3266 consuetis,
771 3211 1050 3257 naturalem
1065 3213 1279 3271 rigorem

226 3293 407 3326 cursus
440 3281 520 3324 sui
555 3285 746 3335 tenens,
770 3283 1016 3328 excrescit
1039 3282 1130 3337 (Ex
1164 3282 1221 3327 L.
1253 3283 1280 3326 3

222 3352 298 3396 De
308 3352 496 3399 Flum.‚·
513 3350 753 3402 Pardess.‚
768 3366 814 3397 n.
830 3353 919 3404 35).
931 3352 1047 3397 Dixi
1059 3353 1280 3408 flumem

223 3421 345 3481 quia
376 3420 517 3466 lacus
569 3426 617 3465 et
654 3426 834 3481 stagna
876 3437 996 3470 suos
1040 3424 1279 3468 terminos

222 3494 454 3544 retinent,
472 3492 577 3536 sive
592 3499 831 3545 crescant,
847 3495 953 3539 sive
968 3496 1275 3539 exarescant.

226 3563 278 3607 L.
304 3564 371 3616 12,
396 3564 471 3609 De
491 3558 542 3607 A'.
567 3564 621 3608 R.
647 3563 733 3617 D.;
756 3564 807 3610 C.
836 3564 891 3609 G.
912 3565 1019 3620 5583
1044 3565 1102 3610 It.
1133 3565 1238 3610 455.

287 3634 340 3677 13
362 3638 392 3688 ἓ
413 3634 472 3678 23
495 3635 570 3679 De
591 3635 650 3679 R.
675 3635 757 3685 D.;
775 3635 826 3680 C.
853 3635 911 3679 It.
938 3638 1037 3680 461.
1064 3634 1119 3679 V.
1142 3635 1196 3682 C.
1222 3635 1280 3681 G.

220 3703 326 3757 563,
345 3706 438 3749 Au.
463 3705 565 3759 409,
587 3704 688 3749 410.
713 3705 857 3761 Quid,
882 3707 924 3750 si
948 3706 999 3750 hi
1024 3707 1110 3765 qui
1131 3707 1282 3766 juxta

229 3777 458 3830 veterem,
493 3775 572 3820 vel
604 3775 656 3820 hi
690 3776 777 3834 qui
802 3775 951 3834 juxta
982 3790 1167 3821 novum
1203 3775 1277 3822 al·

1375 2234 1521 2268 veum
1547 2220 1750 2280 praedia
1766 2220 2040 2280 possident,
2059 2221 2315 2267 flumenin
2338 2221 2440 2281 pri·

1377 2293 1569 2338 stinum
1621 2306 1854 2352 reponere
1902 2290 2099 2338 velint?
2146 2291 2275 2338 Reor
2321 2293 2443 2338 illos

1378 2362 1581 2423 quidem
1614 2377 1713 2408 non
1750 2376 1913 2422 posse,
1952 2363 2137 2422 quippe
2176 2366 2322 2409 vetus
2357 2360 2434 2408 al·

1378 2448 1500 2480 veus
1534 2434 1713 2480 horum
1746 2434 1907 2480 factus
1948 2438 2028 2479 est
2058 2432 2174 2490 (Cit.
2207 2435 2264 2479 A.
2298 2433 2437 2490 461„
2480 2464 2483 2466 -

1379 2505 1588 2566 ideoque
1620 2519 1709 2551 nec
1740 2507 1841 2558 hos,
1867 2504 1987 2564 quia
2008 2504 2095 2564 qui
2121 2503 2280 2550 sentit
2301 2515 2434 2551 com·

1382 2576 1600 2630 modum,
1647 2578 1798 2622 etiam
1845 2574 2218 2621 incommodum
2249 2574 2442 2620 sentire

1381 2646 1542 2692 debet.

1449 2720 1498 2762 14
1515 2717 1569 2762 V.
1589 2718 1643 2763 L.
1666 2719 1710 2771 7,
1731 2722 1760 2771 ἓ
1782 2720 1808 2761 4
1829 2719 1902 2763 De
1919 2719 1970 2760 A.
1988 2718 2045 2762 R.
2066 2715 2149 2768 D.;
2165 2714 2218 2763 C.
2244 2714 2303 2762 G.
2325 2714 2440 2769 560;

1381 2789 1439 2835 It.
1462 2789 1562 2842 457,
1585 2788 1696 2841 458;
1720 2790 1815 2833 Au.
1833 2788 1920 2830 407
1939 2790 2031 2832 etc.
2052 2788 2199 2831 Nata
2212 2802 2230 2840 ,·
2252 2785 2372 2845 quia
2395 2785 2440 2832 si

1380 2859 1511 2904 facta
1533 2862 1608 2903 est
1626 2858 1831 2902 flumine
1850 2869 2027 2916 agrum
2042 2855 2438 2911 circumfluente,

1383 2933 1550 2975 manet
1573 2929 1680 2989 eJ'us
1705 2930 1849 2988 cujus
1871 2928 2052 2973 fuerat.
2077 2932 2106 2981 ἓ
2127 2927 2203 2981 22,
2230 2928 2305 2974 De
2325 2928 2441 2975 Rer.

1381 3003 1554 3053 divis.,·
1581 3001 1633 3047 C.
1654 2999 1711 3046 G.
1740 3001 1853 3053 562;
1878 2998 1936 3044 It.
1965 2999 2077 3053 4603
2102 3000 2195 3044 Au.
2220 2998 2321 3044 408.

1445 3072 1498 3115 15
1529 3069 1583 3115 v,
1617 3071 1676 3129 §g
1718 3070 1790 3123 26,
1836 3069 1906 3121 32,
1942 3069 1998 3113 34
2032 3070 2106 3116 De
2147 3070 2258 3115 κεν.
2292 3069 2442 3115 aivis.
2535 3055 2537 3058 ”

1380 3141 1512 3187 Haec
1545 3142 1770 3195 materia,
1803 3154 1864 3186 ex
1898 3140 2001 3188 NN.
2036 3140 2150 3194 LL.,
2183 3139 2439 3200 aequitate

1380 3212 1596 3257 naturali
1620 3215 1725 3258 tota
1747 3211 2032 3256 definienda
2051 3213 2128 3255 est
2151 3210 2220 3267 (C.
2243 3209 2303 3256 G.
2322 3209 2438 3267 5653

1380 3282 1440 3327 It.
1466 3283 1595 3339 463j›;
1622 3286 1772 3343 atque
1806 3281 1918 3327 ideo
1942 3295 2040 3327 non
2064 3294 2125 3326 ex
2158 3281 2336 3340 rigore,
2360 3292 2442 3326 eo·

1380 3366 1475 3412 que
1523 3354 1691 3398 minus
1741 3366 1801 3397 ex
1843 3350 2070 3411 apicibus
2105 3350 2264 3410 juris:
2295 3349 2439 3409 ‘quod

1381 3424 1530 3468 velim
1565 3423 1918 3468 animadverti.

1447 3495 1499 3537 16
1533 3494 1559 3551 g
1595 3494 1669 3545 25,
1703 3494 1775 3546 26,
1807 3494 1884 3547 27,
1904 3492 2024 3537 End.
2116 3545 2118 3547 ,

1446 3566 1495 3608 17
1517 3565 1543 3622 g
1562 3564 1618 3608 26
1635 3565 1702 3608 De
1717 3566 1826 3612 Rer.
1842 3565 1978 3615 Div.,·
1992 3562 2046 3610 C.
2063 3562 2122 3609 G.
2139 3562 2246 3617 5663
2263 3561 2321 3606 It.
2335 3561 2438 3606 464.

1445 3635 1496 3678 18
1530 3635 1580 3682 C.
1605 3634 1661 3680 G.
1684 3635 1799 3689 568;
1829 3633 1890 3679 It.
1912 3634 2025 3687 466;
2049 3631 2105 3678 V.
2130 3633 2301 3680 CaAu.
2336 3631 2442 3677 414.

1446 3705 1496 3748 19
1527 3704 1580 3751 C.
1604 3705 1663 3750 G.
1683 3705 1795 3759 5673
1824 3703 1883 3749 It.
1906 3704 2007 3748 464.
2029 3701 2098 3747 Ut
2122 3703 2231 3749 rota
2252 3701 2438 3754 currui,

1382 3787 1605 3834 purpura
1622 3775 1938 3828 vestimento,
1957 3772 2083 3818 lecto
2099 3770 2329 3822 fulcrum.
2345 3768 2441 3816 Vel
