2626 4048
1491 6 1493 10 ⁴
1564 0 1577 23 l,
1728 0 1777 17 ³³·ss
1793 0 1846 28 ἰς’
1883 0 1890 10 ι
1907 0 1953 13 'ra
1993 0 2002 8 v
2021 0 2031 10 ⁷
2042 0 2078 24 '.¹='
2089 4 2105 14 ο
2119 0 2175 33 ,ἠγ
2293 11 2297 14 ,

1765 23 1773 27 ι
1815 21 1818 27 ·
1847 23 1850 26 ·
1872 25 1883 35 1
1952 35 1958 45 ,
1994 38 2003 45 ,
2063 27 2071 42 ·‚
2163 30 2197 56 ,ξι
2223 23 2225 27 ⁴
2287 21 2307 52 -ξ
2322 45 2326 53 Ι

1866 52 1871 60 ι
2055 58 2058 61 .
2093 61 2097 68 1
2157 54 2166 66 ¹1
2236 55 2238 58 v
2294 54 2317 61 ι-
2347 52 2355 63 e

208 139 306 196 154
617 154 759 194 ιιιιιιιι
794 154 862 195 ιιι.
894 166 921 182 ·
951 155 1124 195 runc-r.
1157 153 1223 192 ιιι.
1262 153 1327 192 ιιι
1353 152 1709 195 ausu-runnu
1742 153 1794 197 n«
1830 152 2032 194 οικιιιιι
2352 212 2358 214 ἡ

280 241 402 298 199.
442 239 553 295 Sed
592 238 847 295 dubitari
890 241 1099 309 potent,
1136 253 1214 293 an
1261 237 1535 294 damnum
1581 237 1722 294 dare
1770 238 2053 323 dicendus
2090 237 2171 296 ait
2219 212 2618 316 is‚'qui·²s

199 343 323 386 rem
366 344 552 384 meam
594 343 626 383 e
660 327 915 399 periculo
945 327 1021 396 (v.
1050 342 1118 389 c.,
1149 326 1473 396 naufragio,
1505 326 1792 401 incendio)
1819 328 2055 398 eripuit‘,
2097 332 2158 386 et
2197 343 2328 385 mox
2365 329 2428 385 in

201 421 402 475 eodem
449 419 704 489 periculo
729 418 805 487 (v.
837 432 904 479 c.,
950 417 1004 470 in
1037 418 1239 471 eadem
1273 415 1426 478 navi,
1457 416 1648 485 domo)
1694 418 1967 487 reposuit,
2005 418 2059 472 in
2091 433 2206 490 quo
2235 418 2427 489 periit.
2484 408 2497 418 '¹
2555 429 2605 458 -»’

200 508 389 564 Nostri
426 512 573 561 banc
602 506 1006 577 quaestionem
1038 508 1307 574 tangunt,
1337 508 1709 576 quaerentes,
1740 521 1812 561 an
1848 522 1941 564 res
1963 507 2164 564 ablata
2193 505 2429 564 restitui
2602 511 2605 513 ’

200 599 383 669 possit
429 597 535 650 suri
578 611 614 650 a
654 611 768 666 quo
808 596 967 650 illam
1009 594 1287 664 accepisti
1330 596 1401 650 de
1443 610 1558 665 quo
1601 610 1712 663 ego
1752 598 1957 652 serius.
2010 597 2215 668 Itaque
2256 596 2427 653 multi

198 689 510 750 affirmant,
552 703 622 743 eo
651 687 799 756 quod
832 687 932 742 illa
962 687 1167 740 melior
1195 686 1464 748 conditio,
1495 701 1666 756 quam
1711 702 1805 741 res
1855 702 1983 742 mea
2014 690 2187 744 nacta
2216 688 2426 753 fuerat,

200 783 290 836 est
331 779 495 849 quasi
540 779 827 848 quaedam
866 778 1144 840 accessi0,
1186 792 1337 848 quae
1378 776 1608 830 domino
1644 778 1824 840 cedit3
1865 778 1964 830 alii
2014 779 2252 846 negant,
2294 777 2424 844 rati.

199 870 351 926 hanc
381 869 675 923 meliorem
706 868 1094 923 conditionem
1125 883 1254 922 esse
1282 868 1502 938 aliquid
1534 870 1699 922 tuum
1728 866 1859 937 (14).
1888 867 2047 930 Quod
2078 867 2124 921 si
2160 867 2244 936 (ut
2269 866 2426 939 puto)
2452 875 2465 881 ’“

199 975 402 1015 verum
435 964 543 1021 est,
573 974 939 1030 consequens
967 962 1058 1012 est
1098 958 1312 1022 dicere,
1349 962 1407 1013 te
1453 958 1642 1027 potius
1670 958 1978 1011 caritatem
2024 957 2280 1012 laedere:
2320 955 2429 1013 sed

201 1051 309 1105 etsi
334 1050 629 1119 justitiam
663 1049 942 1111 laederes,
969 1049 1118 1103 haud
1151 1047 1329 1102 infers
1357 1048 1655 1109 damnum;
1680 1048 1778 1102 sed
1814 1063 1920 1100 non
1952 1047 2233 1115 prohibes·
2256 1046 2309 1102 S.
2331 1046 2432 1102 Al-

199 1141 418 1211 pbonso
447 1143 759 1209 utrumque
789 1142 879 1193 est
910 1137 1224 1207 probabile,
1252 1137 1354 1192 sed
1387 1138 1491 1191 hoc
1524 1137 1876 1207 probabilius
1899 1137 2036 1206 (15);
2072 1151 2294 1206 nempe,
2322 1136 2424 1199 ait,

198 1230 247 1285 si
278 1234 380 1284 tua
411 1230 659 1285 interest
699 1244 767 1283 eo
810 1228 933 1283 loco
966 1228 1188 1297 reponi:
1231 1227 1350 1284 sed.
1381 1228 1489 1282 etsi
1524 1243 1632 1281 non
1682 1227 1912 1282 intersit
1949 1231 2065 1287 tua,
2109 1241 2238 1282 reor
2276 1226 2428 1282 idem

190 1321 344 1391 juris
385 1334 532 1383 esse,
574 1320 823 1390 quadam
866 1319 1029 1389 quasi
1075 1318 1546 1387 compensatione
1589 1316 1895 1386 utriusque
1939 1316 2072 1370 facti
2103 1313 2240 1390 (16).

198 1557 250 1603 in
286 1569 364 1601 me
398 1555 625 1601 amicitia
657 1554 940 1614 susceperit
973 1554 1067 1606 (Ex
1101 1553 1155 1600 L.
1201 1555 1267 1608 17,

195 1633 227 1684 g
242 1628 271 1672 3
289 1628 576 1679 Commod.),
600 1625 898 1685 Aliudjnris
919 1629 1012 1680 est,
1033 1625 1076 1671 si
1103 1626 1265 1672 vicino

197 1700 527 1760 persuaseris,
553 1712 612 1743 ne
637 1712 665 1743 a
695 1698 841 1744 domo
867 1712 977 1744 mea
997 1698 1130 1744 fures
1156 1712 1266 1757 pro·

196 1770 370 1817 hibeat
395 1770 469 1823 (V.
489 1769 615 1815 Prol.
635 1770 661 1826 g
693 1771 787 1821 154,
811 1770 895 1827 18),
914 1771 1009 1815 etsi
1029 1769 1144 1815 odio
1166 1769 1261 1814 mei

194 1842 386 1890 feceris,
420 1855 518 1886 non
552 1842 738 1886 teneris
768 1840 1027 1897 (Lessqll.
1061 1840 1129 1896 12,
1159 1841 1261 1896 1283

198 1913 354 1973 Lugo,
389 1915 453 1965 18,
486 1914 571 1965 98;
605 1912 652 1958 S.
680 1911 841 1972 Alph.,
875 1912 959 1965 111,
993 1913 1094 1956 585.

256 1985 335 2031 Ad
370 1988 651 2030 extremum
685 1984 973 2043 quaesitum
1010 1988 1103 2033 est,
1130 1984 1175 2029 si
1206 1984 1263 2030 li-

196 2058 333 2102 teras
366 2055 551 2115 quibus
587 2054 676 2100 tibi
703 2054 1088 2113 significabatur
1116 2054 1261 2100 bene-

196 2126 368 2173 ficium
386 2140 575 2180 vacare,
592 2140 678 2186 per
695 2126 932 2186 injuriam
954 2126 1259 2180 recluserim,

197 2197 285 2245 sed
321 2198 454 2243 illico
503 2199 686 2242 iterum
727 2197 916 2242 clausis
961 2201 1010 2242 et
1054 2202 1261 2243 mature

196 2271 435 2320 redditi-r,
470 2268 731 2322 effecerim,
755 2273 812 2313 ut
835 2267 1130 2314 beneficium
1169 2282 1259 2328 ego

194 2341 330 2400 prior
352 2339 644 2390 obtinerem,
667 2352 729 2384 an
753 2344 928 2384 tenear
945 2339 1115 2384 damni
1130 2338 1153 2382 ⁴?
1175 2339 1257 2385 Af·

193 2410 401 2456 firmant
435 2410 590 2469 Lago.
619 2424 663 2455 n.
693 2410 796 2455 104:
832 2413 881 2454 et
913 2409 1077 2462 Croix,
1106 2424 1149 2454 n.
1175 2410 1258 2463 763

195 2486 381 2540 negant
401 2482 538 2526 Less.
558 2480 734 2534 Diana,
755 2480 858 2526 Pal.
877 2479 952 2533 (V.
967 2484 1048 2526 cit.
1067 2495 1111 2525 n.
1135 2483 1258 2549 1042:

197 2553 426 2612 quaestio
446 2556 613 2595 autem
636 2553 686 2596 in
706 2566 760 2596 eo
781 2553 947 2611 posita
972 2557 1065 2605 est,
1083 2557 1257 2598 utrum

196 2621 437 2667 damnum
473 2622 560 2667 tibi
590 2636 760 2667 revera
782 2623 1049 2681 contigerit
1074 2636 1134 2668 ex
1160 2623 1255 2669 hac

196 2693 467 2740 violatione
501 2696 699 2748 secreti;
736 2696 786 2738 et
818 2694 934 2753 quis
978 2694 1163 2738 dixerit
1196 2707 1258 2738 ex

194 2766 392 2811 notitia·
425 2778 552 2823 quae
577 2764 737 2809 literis
766 2765 867 2809 tuis
891 2763 1258 2818 continebatur,

194 2834 286 2881 tibi
304 2836 391 2895 jus
416 2835 477 2880 ad
502 2835 796 2880 beneficium
823 2834 1112 2893 quaesitum
1136 2835 1255 2880 fuis·

195 2919 263 2960 se,
298 2910 387 2950 aut
419 2907 707 2965 quaesitum
744 2903 842 2949 iri?

262 2979 312 3021 14
350 2976 402 3020 V.
440 2976 596 3035 Lugo,
632 2974 784 3026 XVII,
818 2988 847 3020 a
892 2989 936 3019 ιι.
971 2975 1041 3020 28.
1082 2973 1259 3033 Itaque

195 3048 447 3095 affirmant
482 3048 678 3097 Molina.
714 3047 798 3092 To.
831 3045 918 3103 111,
951 3046 1064 3100 7223
1086 3046 1258 3105 Cajet„

196 3119 330 3166 Soio.
356 3126 459 3166 ete,
482 3131 698 3177 quorum
722 3117 850 3163 ratio
874 3116 1068 3175 Lugoni
1097 3130 1161 3161 sn.
1183 3116 1260 3175 30)

193 3174 487 3248 Γοντῐεέηγια
512 3190 620 3233 visa
644 3192 747 3243 est;
773 3201 891 3233 nam
914 3188 958 3232 si
983 3188 1256 3242 hominem,

195 3260 283 3312 ait,
316 3275 343 3304 a
382 3266 429 3304 te
463 3274 486 3303 e
525 3260 745 3304 flammis
780 3262 1021 3318 ereptum,
1057 3272 1171 3304 mox
1208 3260 1258 3304 in

194 3331 395 3376 easdem
430 3331 660 3375 flammas
684 3330 930 3390 injeceris,
954 3330 1070 3388 quis
1096 3332 1261 3388 neget,

193 3405 243 3447 te
276 3415 386 3445 esse
420 3414 559 3444 reum
606 3399 903 3446 homicidii?
938 3400 1252 3448 Contrariam

193 3475 403 3517 tuentur
436 3471 591 3529 Less.,
623 3470 683 3520 ΙΙ,
714 3473 776 3523 14,
818 3473 899 3526 14;
923 3470 973 3517 S.
1003 3471 1255 3521 Antonin„

193 3541 389 3593 Bonae„
413 3541 572 3599 Lugo,
595 3542 676 3585 cit.
702 3554 748 3586 n.
772 3541 852 3595 303
878 3541 1098 3594 Salmat„
1123 3539 1258 3597 XIII,

197 3614 237 3665 l,
269 3614 345 3664 83,
374 3613 445 3656 84.

262 3685 314 3727 15
336 3683 388 3726 V.
426 3683 473 3727 S.
501 3682 661 3741 Alph..
696 3682 782 3739 III,
815 3683 916 3726 569.
950 3682 1051 3728 Nec
1089 3682 1260 3728 obstat

195 3755 323 3799 ratio
344 3754 590 3812 Lugonis:
607 3753 677 3798 sit
694 3754 823 3797 enim
846 3754 888 3797 is
909 3752 1185 3807 homicida3
1207 3756 1260 3797 at

196 3823 451 3870 homicida
478 3825 551 3870 ita
578 3823 778 3868 demum
804 3826 882 3868 est
904 3823 1152 3869 obnoxius
1185 3835 1260 3868 re-

1367 1553 1640 1605 stitutioni,
1662 1554 1704 1600 si
1733 1567 1847 1599 cum
1876 1553 2149 1600 homicidio
2169 1552 2426 1604 'damnum

1368 1625 1618 1677 attulerim
1653 1625 1780 1671 alias
1812 1625 1989 1685 quidni
2014 1625 2355 1671 restitutionis
2377 1626 2430 1672 et

1367 1696 1411 1741 is
1447 1699 1694 1755 teneatur,
1725 1696 1814 1757 qui
1843 1695 2092 1742 mortifere
2107 1695 2212 1756 Jani
2243 1693 2304 1742 ab
2326 1693 2429 1741 alio

1366 1766 1684 1812 vulneratum
1706 1767 1890 1812 animal
1907 1769 2060 1813 citius
2078 1763 2423 1812 exanimavit?
2445 1780 2448 1786 ·

1432 1839 1482 1882 16
1516 1838 1591 1883 Ex
1629 1838 1678 1883 L.
1713 1838 1761 1882 10
1797 1852 1864 1898 pr.
1892 1838 1965 1885 De
1994 1839 2254 1895 compens.
2284 1835 2423 1883 Tolle

1365 1910 1497 1954 enim
1531 1915 1820 1970 utrumque,
1853 1912 1903 1954 et
1936 1922 2108 1955 revera
2140 1906 2261 1954 mihi
2292 1906 2425 1954 facto

1363 1984 1450 2026 tuo
1477 1980 1600 2026 nihil
1627 1980 1782 2026 abest.
1806 1980 1935 2026 Sane
1958 1993 2103 2025 nemo
2125 1982 2326 2025 tenetur
2352 1990 2428 2025 re-

1362 2065 1472 2096 runi
1494 2050 1785 2111 hujusmodi
1806 2065 1975 2096 euram
1993 2051 2264 2110 suscipere,
2282 2063 2424 2110 prae-

1362 2124 1589 2181 terquam
1633 2135 1693 2166 ex
1740 2122 1946 2167 caritate
1982 2120 2250 2182 (vasquez,
2282 2121 2422 2169 Lesa.

1362 2194 1426 2248 ΙΙ,
1443 2194 1616 2251 12,95);
1641 2206 1718 2239 res
1740 2197 1816 2238 est
1836 2192 2126 2239 manifesta:
2151 2193 2234 2238 vix
2253 2196 2424 2240 autem

1361 2269 1528 2324 potest
1550 2263 1764 2323 intelligi
1785 2265 1902 2321 (nisi
1923 2264 2220 2310 cavillamnr
2238 2276 2300 2309 ex
2320 2264 2426 2324 api·

1360 2335 1504 2382 cibus
1520 2336 1693 2396 juris),
1716 2335 2139 2396 quemadmodum
2162 2335 2423 2396 J’ustitiam

1359 2406 1541 2458 laedat,
1586 2412 1674 2451 aut
1713 2406 1951 2451 damnum
1988 2410 2210 2465 praestet
2243 2407 2302 2463 is,
2334 2405 2423 2466 qui

1359 2491 1469 2524 eam
1519 2478 1568 2522 in
1616 2478 1884 2536 pristinam
1927 2490 2135 2524 causam
2179 2477 2449 2523 restituih

1362 2549 1497 2602 Rem,
1522 2562 1550 2594 a
1578 2551 1626 2594 te
1660 2549 1973 2608 deperditam
2008 2550 2058 2594 in
2094 2550 2174 2594 via
2206 2547 2443 2608 publica„
2506 2543 2584 2606 [ἦ

1360 2619 1565 2674 sust-uli,
1584 2620 1693 2680 ejus
1713 2625 1910 2665 tantum
1938 2619 2281 2680 inspiciendae
2306 2631 2424 2678 gra·

1359 2693 1445 2744 tia,
1485 2704 1601 2736 mox
1638 2692 1687 2734 in
1731 2690 1901 2735 eodem
1944 2691 2049 2736 loco
2088 2692 2426 2750 repositurus.
2515 2716 2520 2718 ·
2561 2689 2566 2697 '

1360 2763 1649 2822 Repositam
1665 2762 1825 2807 viat-or
1837 2761 2068 2806 abstulit:
2087 2760 2205 2821 quis
2219 2759 2421 2814 dixerit,

1360 2833 1531 2878 damni
1567 2846 1761 2878 mecum
1797 2833 1876 2890 agi
1913 2844 2072 2890 posse,
2102 2833 2223 2891 quia
2244 2846 2302 2876 ea
2329 2843 2424 2887 ree„
2505 2830 2509 2834 ’
2565 2839 2574 2895 ι’

1359 2903 1530 2948 statim
1563 2916 1618 2947 ac
1653 2902 1787 2947 illam
1815 2902 2140 2958 contrectavi,
2164 2901 2419 2949 meliorem

1360 2973 1696 3019 conditionem
1735 2978 1883 3019 nacta
1921 2971 2052 3017 fnit?
2090 2975 2149 3018 Et
2189 2972 2232 3018 si
2277 2985 2424 3020 nemo
2504 2975 2507 2979 '

1359 3043 1559 3096 dixerit,
1580 3057 1680 3097 cur,
1700 3043 1860 3096 sodes,
1885 3043 2026 3089 licuit
2044 3043 2166 3089 mihi
2186 3056 2295 3090 eam
2316 3056 2420 3090 rem
2509 3054 2513 3059 ’

1361 3128 1453 3160 suo
1487 3113 1593 3159 loco
1627 3113 1899 3172 reponere?
1929 3119 2003 3160 An
2033 3115 2152 3173 quia
2175 3114 2314 3160 illam
2337 3127 2422 3160 su-

1360 3185 1483 3230 stuli
1517 3186 1692 3230 statim
1726 3184 2072 3244 repositurus?
2097 3183 2193 3230 Sed
2217 3184 2309 3230 hoc
2334 3185 2421 3231 vix

1361 3269 1458 3301 non
1493 3255 1767 3301 absurdum
1805 3256 2030 3311 videtur3
2055 3269 2171 3301 nam
2204 3255 2300 3300 etsi
2329 3253 2422 3301 su?-

1362 3326 1624 3372 stulissem
1675 3326 1876 3373 domino
1925 3325 2233 3379 redditurus,
2290 3325 2426 3372 idem

1355 3398 1486 3456 juris
1521 3401 1669 3450 esset,
1693 3400 1811 3455 quia
1840 3411 1981 3443 nemo
2015 3397 2297 3457 praecipere
2320 3394 2421 3442 sibi

1361 3471 1449 3513 aut
1484 3473 1652 3513 vetare
1683 3468 1959 3528 quidquam
1984 3471 2154 3527 potest
2172 3466 2321 3522 (L.56
2344 3467 2420 3514 De

1361 3542 1557 3597 Recept.
1580 3542 1807 3593 A›·bz·tr.);
1833 3545 1882 3584 et
1906 3540 1950 3586 si
1969 3539 2140 3585 statim
2167 3550 2422 3597 reponere,

1361 3611 1504 3656 salva
1530 3612 1750 3671 justitia,
1783 3614 2081 3670 potuissem,
2119 3608 2299 3668 quidni
2334 3621 2418 3654 se-

1361 3681 1503 3726 rius?
1530 3682 1725 3726 Etenim
1765 3687 1964 3738 tempus
1994 3691 2099 3725 non
2132 3684 2208 3726 esc
2237 3681 2422 3724 modus

1362 3765 1522 3809 neque
1557 3754 1812 3798 tollendae
1841 3764 1928 3810 per
1965 3763 2036 3803 se,
2067 3761 2228 3807 neque
2268 3751 2423 3796 indu-

1362 3826 1554 3869 cendae
1584 3824 1928 3880 obliyationie.
