2626 4048
176 102 277 159 462
345 120 489 160 mun
525 121 591 160 ιιι.

1987 63 2014 74 ··
2319 79 2334 86 -
2354 64 2382 86 :⁴¹¹⁵
2412 76 2420 82 -
2525 82 2547 97 μ

626 114 852 163 winter.
890 125 955 162 xi.
992 124 1056 162 nn
1089 122 1285 163 :uniens
1319 123 1452 170 oum
1483 124 1549 163 tx
1584 124 1739 165 sum
1773 79 2119 195 »cascianum
2154 123 2264 167 mn.
2406 165 2440 203 .‘-·.
2530 107 2579 151 Ὗ.

112 201 115 205 ’
172 203 337 267 Quod
378 204 425 259 si
468 205 743 260 salarium
787 207 838 261 ei
882 205 1267 262 constitutum
1308 207 1384 262 sit
1425 207 1486 262 in
1526 207 1791 277 singulos
1842 222 2046 272 annosi,
2086 223 2201 281 quo
2238 221 2444 270 anno
2580 198 2608 247 ³

173 293 431 348 decessit
475 310 573 363 pro
612 299 742 350 rata
782 295 1095 351 debebitur
1120 294 1254 367 (24).
2040 307 2067 326 ³

249 383 372 436 590.
415 379 602 438 Judex
644 386 734 438 est
774 384 871 455 qui
917 385 1070 440 inter
1113 393 1305 454 partes
1337 385 1492 455 Juris
1531 385 1765 442 dicundi
1810 388 2161 457 potestatem
2201 389 2406 448 habet.

173 472 392 527 Judicis
421 473 671 527 officium
704 480 824 528 est:
863 471 917 528 1⁰
940 489 1200 537 FACTUM,
1231 490 1345 546 quo
1373 475 1444 531 de
1473 475 1691 547 agitur,
1720 477 2024 546 explorare
2056 478 2404 548 diligentem-3
2478 526 2497 537 ⁴.

175 563 420 632 ideoque
463 563 899 632 probationibus
929 565 1287 628 incumbere,
1317 565 1442 619 sive
1485 565 1836 630 intrinseciS,
1865 566 1992 620 sive
2027 565 2400 634 extrinseci83
2495 592 2499 622 ;
2529 622 2531 626 ,
2595 561 2611 634 j

174 656 358 724 testes
397 653 726 716 admittere,
757 655 881 708 sive
909 655 982 708 ab
1022 660 1241 716 actore,
1274 653 1399 709 sive
1427 670 1462 708 a
1496 670 1595 710 reo
1622 655 1805 718 datos,
1837 658 1896 710 et
1926 670 2404 729 unumquemque
2479 648 2496 681 7
2576 647 2577 651 ¹

171 758 448 806 seorsum,
490 746 550 797 et
581 744 846 812 juratum
888 743 1255 799 examinare:
1299 759 1505 798 verum
1554 747 1775 814 quanta
1815 745 1958 799 fides
2000 745 2085 800 eis
2133 746 2404 803 habenda
2466 768 2482 819 g

173 833 266 895 sit,
310 833 414 886 hoc
454 847 526 887 ex
579 833 877 887 sententia
928 833 1106 887 animi
1162 833 1251 887 sui
1303 833 1589 888 extimare
1647 834 1834 903 ipsum
1887 835 2112 903 oportet
2151 831 2280 906 (25).
2321 836 2400 893 At
2475 856 2481 906 ζ

176 938 473 992 nunquam
513 922 744 976 omnino
786 923 870 976 fas
911 923 1023 977 erit
1064 923 1257 977 minus
1297 938 1471 992 quam
1524 923 1747 977 duobus
1779 924 2013 993 juratis,
2055 926 2114 979 et
2155 924 2396 991 idoneis,

174 1015 234 1069 et
266 1012 629 1067 contestibus
672 1013 823 1066 ferre
852 1013 1208 1067 sententiam
1244 1010 1375 1083 (26).
1404 1013 1620 1067 Deinde
1649 1013 1704 1067 2⁰
1730 1027 1830 1068 Jus
1861 1014 2169 1083 explorare
2205 1015 2399 1081 debet,

173 1102 324 1174 quod
351 1102 425 1156 ad
468 1102 791 1172 hujusmodi
837 1103 1054 1156 factum
1098 1103 1369 1172 pertinet.
1412 1104 1648 1158 Demum
1677 1103 1734 1159 3⁰
1764 1104 1917 1158 facto
1946 1106 2047 1174 J'us
2085 1108 2309 1176 aptare,
2337 1109 2400 1163 et
2483 1162 2497 1177 „
2571 1176 2574 1182 Ι
2612 1152 2614 1154 ,

174 1192 257 1246 ita
286 1193 387 1261 jus
428 1191 655 1254 dicere;
700 1192 810 1246 hac
842 1208 901 1246 re
933 1208 1172 1248 necesse
1215 1194 1393 1247 habet
1433 1194 1787 1247 sententiam
1829 1193 1980 1250 ferre
2021 1211 2094 1250 ex
2133 1197 2298 1260 actis,
2340 1198 2402 1253 et

173 1281 452 1351 probatis,
500 1283 561 1335 et
601 1297 676 1335 ex
707 1283 858 1351 J'ure.
902 1282 987 1336 Ex
1026 1284 1156 1336 actis
1196 1288 1248 1335 et
1278 1285 1507 1351 probatis
1534 1281 1678 1355 (27);
1722 1282 1861 1353 quid
1904 1284 2086 1352 igitur
2123 1286 2191 1349 si,
2234 1285 2402 1351 forte,

172 1371 282 1427 sibi
326 1370 652 1426 certissime
693 1375 924 1425 constet
965 1373 1109 1426 haec
1138 1372 1284 1425 falsa
1326 1371 1491 1426 esse?
1534 1373 1605 1426 Et
1638 1372 1926 1443 siquidem
1966 1389 2067 1444 pro
2107 1389 2208 1430 reo
2247 1377 2404 1441 sunt,

174 1462 388 1532 poterit
429 1476 563 1515 eum
603 1462 910 1516 absolvere
955 1460 1095 1532 (28);
1139 1462 1227 1516 sin
1284 1464 1488 1515 contra
1527 1477 1708 1526 reum,
1750 1465 1963 1527 utrum,
2020 1465 2407 1522 condemnare

177 1566 311 1607 eum
342 1551 536 1619 possit,
580 1552 846 1620 quaestio
888 1551 1253 1606 subdifficilis
1294 1555 1385 1606 est
1412 1551 1542 1621 (29).
1583 1553 1672 1604 Ex
1700 1553 1842 1618 jure,
1885 1552 2035 1607 idest
2076 1569 2191 1608 non
2229 1555 2410 1611 aliter

172 1656 346 1711 quam
390 1640 618 1709 legibus
661 1641 951 1709 proditum
996 1644 1102 1705 est,
1146 1641 1283 1696 licet
1323 1644 1470 1696 dura
1500 1643 1597 1697 lex
1626 1643 1896 1697 videatur
1921 1642 2092 1713 (Prol.
2127 1646 2250 1711 161,
2285 1644 2403 1718 1’1);

173 1730 269 1784 vel
313 1745 422 1784 non
467 1729 611 1784 satis
643 1731 837 1799 justa:
881 1732 1016 1785 dum
1059 1747 1131 1785 ne
1174 1731 1482 1786 evidenter
1522 1733 1598 1785 sit
1629 1732 1847 1803 injusta
1873 1731 2007 1805 (30).
2051 1734 2311 1806 Denique
2345 1734 2407 1791 in
2468 1804 2471 1805 ⁷

173 1820 367 1874 dubiis
396 1835 495 1874 reo
522 1820 835 1875 favendum
866 1823 956 1874 est
987 1818 1124 1892 (31):
1171 1821 1416 1891 ideoque
1448 1822 1558 1876 etsi
1588 1822 1802 1877 actoris
1830 1838 2010 1878 causa
2038 1825 2403 1893 probabilior,
2478 1815 2496 1818 ’Δ

173 1911 259 1965 rei
301 1912 493 1964 minus
535 1910 851 1979 probabilis
892 1911 1167 1964 videatur
1196 1909 1330 1983 (32).
1373 1911 1561 1966 Judex
1603 1913 1700 1982 qui
1743 1912 2003 1983 iniquam
2042 1914 2401 1970 sententiam

174 2002 324 2055 dixit
364 2002 603 2055 tenetur
643 2001 867 2063 damni;
903 2001 1135 2055 tametsi
1178 2002 1451 2055 damnum
1495 2017 1699 2071 passus
1729 2002 2012 2071 potuisset
2051 2005 2125 2058 ab
2167 2018 2239 2059 ea
2278 2019 2405 2075 pro-

175 2106 404 2154 vocare,
436 2105 543 2145 nec
573 2091 977 2159 provocaverit
998 2090 1138 2162 (33):
1181 2093 1409 2145 tantum
1441 2091 1486 2145 si
1517 2092 1797 2146 mulctam
1828 2094 1981 2155 fisco,
2022 2093 2118 2148 vel
2161 2094 2404 2163 privatis

175 2183 434 2238 debitam
474 2197 589 2235 non
631 2182 1076 2251 adjudicaverit,
1117 2185 1355 2252 recepta
1395 2184 1691 2238 sententia
1731 2186 1838 2247 est,
1886 2200 1999 2239 non
2041 2186 2232 2241 teneri
2273 2201 2404 2243 eam

233 2379 290 2422 24
325 2377 465 2430 Voet,
499 2376 538 2429 3,
569 2377 606 2429 l,
633 2374 681 2431 ὃς
717 2374 764 2420 S.
789 2374 954 2433 Alph.‚
978 2373 1067 2417 225
1099 2375 1148 2419 in
1184 2374 1232 2419 fi.

235 2450 293 2492 25
324 2448 376 2493 L.
412 2448 452 2500 3,
487 2451 516 2501 g
556 2448 590 2500 1,
626 2447 700 2492 De
740 2447 920 2492 Testtb.

1333 2371 1478 2420 modo
1503 2374 1663 2434 judex
1692 2388 1790 2420 non
1811 2375 1976 2434 possit
1997 2389 2113 2422 eum
2136 2375 2396 2423 absolvere

1333 2446 1441 2490 sine
1485 2448 1627 2491 tanto
1672 2459 1764 2490 suo
1808 2445 1990 2492 damno
2033 2446 2167 2506 quod
2215 2448 2400 2495 caritas
2478 2476 2487 2484 ·

233 2521 291 2564 26
313 2519 468 2575 Matt„
497 2519 569 2571 183
593 2518 645 2565 C.
670 2517 741 2570 23,
766 2519 841 2563 De
875 2519 1076 2571 Testib.;
1099 2516 1152 2561 L.
1184 2517 1236 2561 12

174 2591 222 2637 ff.
258 2592 377 2635 Eod.
412 2593 489 2635 tic.
522 2589 671 2634 Porro
706 2592 957 2634 contestes
997 2588 1237 2634 dicuntur

174 2664 262 2722 qui
305 2661 366 2706 de
406 2664 576 2707 eodem
615 2659 745 2704 facto
781 2661 1125 2704 testimonium
1160 2659 1232 2704 fe-

174 2735 315 2790 runt3
346 2732 472 2777 alias
506 2732 804 2787 sinyulares
838 2730 935 2774 dici
972 2729 1151 2775 solent.

234 2805 291 2848 27
325 2804 379 2848 L.
415 2802 459 2859 6,
489 2807 517 2857 ἓ
551 2804 588 2856 l,
626 2802 699 2847 De
738 2802 874 2859 Offic.
907 2803 1139 2847 Praesid.

235 2877 291 2919 28
326 2875 481 2934 Lugo,
518 2872 765 2924 XXXVII,
798 2874 871 2923 42,
904 2873 977 2916 50.

235 2948 292 2991 29
325 2947 382 2993 V.
414 2947 568 3003 Lugo,
604 2943 856 2997 XXXVII,
891 2944 963 2999 42,
999 2944 1069 2988 49.
1095 2943 1237 2989 Affir-

176 3023 316 3064 mant
328 3018 459 3063 enim
479 3016 626 3061 multi
647 3029 762 3060 cum
783 3014 838 3058 D.
859 3014 963 3067 Th„
984 3014 1026 3066 2,
1045 3015 1087 3068 2,
1106 3015 1179 3072 67,
1194 3017 1234 3065 2;

176 3090 263 3135 alii
297 3091 482 3147 negant
517 3086 591 3139 (V.
618 3086 823 3138 Holzm.‚
861 3085 942 3130 To.
983 3085 1018 3140 Ῑ,
1052 3099 1100 3131 n.
1131 3086 1238 3142 688)

175 3166 224 3205 et
247 3160 392 3205 valde
411 3158 664 3217 probabile
686 3162 762 3202 est
785 3156 831 3202 S.
852 3156 1014 3215 Alph.‚
1036 3156 1118 3212 IV,
1135 3157 1236 3200 208.

175 3232 269 3276 Est
290 3236 339 3275 et
366 3230 516 3274 tertia
538 3228 790 3274 sententia
817 3228 1236 3279 existimantium,

169 3301 393 3361 Judicem
426 3299 477 3345 id
516 3313 664 3359 posse
709 3300 758 3343 in
804 3311 958 3343 causa
1002 3297 1153 3351 civili,
1187 3299 1238 3342 in

175 3371 422 3419 crIminali
476 3385 575 3416 non
629 3383 792 3429 posse,
827 3370 923 3414 nisi
966 3372 1146 3427 agatur
1178 3369 1238 3414 de

177 3442 326 3487 exilio
360 3442 438 3486 vel
475 3440 664 3486 mulcta
686 3439 958 3493 inferenda,
983 3439 1058 3483 vel
1083 3439 1143 3483 de
1166 3453 1240 3484 re-

181 3512 422 3557 movendo
440 3513 691 3570 imputato
713 3509 772 3555 ab
792 3509 962 3555 officio.
985 3509 1158 3565 (Less.‚
1177 3509 1236 3563 II,

174 3583 246 3633 29,
266 3595 347 3627 nn.
371 3584 443 3635 78,
461 3584 564 3635 84›;
590 3581 709 3640 quia
742 3579 998 3639 legislator
1019 3581 1071 3625 in
1094 3579 1236 3626 bonis

174 3652 375 3711 quidem
402 3652 720 3698 subditorum
748 3653 838 3710 J‘us
871 3651 1043 3706 habet3
1083 3664 1238 3710 super

180 3724 295 3777 vita,
315 3723 605 3782 integritate
625 3722 974 3771 membrorum,
990 3722 1235 3782 libertate,

178 3805 276 3837 non
309 3794 430 3838 item
461 3793 637 3851 (Lugo,
682 3807 727 3838 n.
773 3795 863 3847 44).
898 3792 1003 3837 Hos
1036 3805 1234 3852 sequor,

1332 2529 1429 2561 non
1455 2517 1588 2575 cogit
1622 2518 1738 2576 pati.
1772 2517 2011 2574 Quaestio
2034 2517 2156 2563 haec
2187 2517 2240 2564 in
2270 2517 2408 2579 judi·
2470 2543 2478 2559 ι
2514 2544 2521 2549 μ
2572 2489 2573 2493 ³
2603 2510 2606 2530 ⁷

1334 2588 1427 2633 ciis
1446 2587 1739 2646 poenalibus
1757 2601 1855 2633 non
1875 2589 2092 2647 pertinet
2110 2587 2173 2634 ad
2192 2587 2404 2648 collegia
2492 2640 2494 2642 ,

1328 2658 1558 2716 Judicum
1578 2658 1879 2717 juratorum,
1896 2670 2022 2717 quos
2042 2662 2222 2705 vocant
2256 2659 2404 2716 (Οἰα-
2478 2703 2481 2714 ,

1335 2730 1422 2782 ri),
1453 2730 1640 2788 quippe
1662 2731 1747 2788 qui
1773 2742 1833 2774 ex
1859 2730 2011 2775 animi
2037 2730 2117 2774 sui
2150 2730 2402 2777 sententia

1329 2799 1414 2858 jus
1449 2799 1612 2844 dicere
1646 2798 1841 2844 debent.

1396 2870 1453 2913 30
1487 2870 1533 2915 S.
1558 2871 1773 2928 August.
1807 2871 1858 2914 in
1880 2868 1932 2917 C.
1957 2870 1998 2923 3,
2022 2869 2148 2916 Dist.
2172 2871 2216 2917 5.
2249 2870 2400 2918 Porro

1336 2941 1416 2986 lex
1451 2953 1579 3000 quae
1611 2943 1866 2987 actionem
1902 2954 2002 2986 non
2045 2943 2284 3000 praestat,
2317 2940 2397 2988 vel

1338 3011 1516 3056 adimit
1542 3012 1594 3056 in
1616 3011 1719 3056 foro
1743 3016 1948 3057 externo
1973 3013 2178 3058 minime
2204 3013 2398 3074 injusta

1339 3081 1550 3127 dicenda
1583 3085 1661 3127 est
1691 3081 1767 3141 (V.
1807 3082 1934 3127 Prol.
1969 3084 1995 3141 ἓ
2024 3083 2126 3142 206,
2149 3084 2244 3138 51).

1396 3154 1447 3198 31
1487 3153 1541 3198 ι..
1583 3154 1681 3211 168,
1712 3155 1774 3199 D.
1807 3154 1869 3199 R.
1901 3151 1943 3198 J.
1981 3154 2033 3202 C.
2066 3155 2130 3210 ιι,
2164 3155 2285 3200 an.
2322 3156 2398 3200 tit.

1341 3226 1391 3269 in
1426 3227 1475 3277 6;
1511 3224 1566 3270 L.
1600 3224 1673 3278 47,
1709 3227 1782 3270 De
1813 3228 1865 3271 A.
1897 3230 1942 3270 ec
1980 3226 2030 3272 0.

1400 3296 1457 3340 32
1480 3297 1556 3340 Ex
1575 3296 1628 3343 C.
1644 3297 1685 3350 6,
1710 3297 1786 3342 De
1808 3298 1916 3341 Fid.
1941 3298 2095 3342 Instr.
2113 3294 2214 3342 Nec
2232 3294 2404 3342 obstat

1338 3367 1444 3411 Inn.
1479 3366 1561 3419 XI,
1605 3367 1650 3412 2.
1683 3367 1939 3411 E'oez‘scimo
1977 3368 2210 3422 judicem
2252 3378 2404 3424 pone

1326 3438 1574 3491 judicare
1595 3437 1762 3491 juxta
1796 3439 2086 3494 opinionem
2115 3438 2272 3484 etiam
2294 3437 2396 3482 mi·
2484 3464 2498 3481 ,-

1339 3522 1439 3553 nus
1459 3509 1783 3565 probabilem.
1804 3508 1937 3553 Haec
1962 3507 2236 3567 propositio
2260 3506 2399 3554 dam.-

1338 3582 1457 3624 nata
1484 3582 1577 3633 est,
1609 3592 1666 3624 eo
1684 3579 1817 3637 quod
1840 3578 1993 3624 nimis
2015 3578 2116 3623 late
2140 3581 2324 3637 pateat,
2349 3579 2401 3624 et

1338 3652 1416 3694 est
1466 3650 1594 3695 falsa
1645 3649 1810 3708 quoad
1865 3652 2082 3694 actorem
2135 3647 2216 3706 (V.
2265 3646 2396 3694 Ptol.

1336 3723 1364 3773 ἓ
1398 3719 1500 3773 189,
1531 3721 1614 3776 63;
1648 3725 1676 3775 g
1705 3720 1825 3776 260).

1396 3792 1452 3835 33
1482 3776 1561 3835 Ex
1595 3790 1650 3836 L.
1682 3791 1756 3845 63,
1788 3793 1864 3838 De
1896 3791 2052 3836 Evicc.
