2626 4048
506 477 617 529 DE
661 473 1367 527 onuGAmomus
1403 474 1640 529 ERGA
1679 476 1775 531 sn
1813 479 2081 535 metm
2359 434 2368 447 ⁶
2566 444 2570 445 ⁷

813 878 1374 952 TRAGTATUS
1424 878 1771 952 UNIOUS

244 1102 334 1155 62.
382 1100 588 1155 Actum
619 1101 711 1153 est
739 1099 812 1155 de
841 1099 1301 1171 obligationibus
1330 1114 1475 1166 erga
1503 1099 1708 1154 Deum:
1738 1099 2025 1170 sequitur,
2066 1104 2131 1156 ut
2157 1117 2414 1173 agamus
2523 1071 2602 1156 v

168 1190 241 1245 de
283 1188 747 1257 obligationibus
788 1203 934 1256 erga
974 1189 1247 1258 seipsum.
1289 1186 1489 1244 Omnis
1530 1187 1716 1256 igitur
1754 1189 2038 1258 obligatio
2080 1191 2408 1262 hujusmodi
2457 1204 2493 1261 ’ἡ
2520 1170 2593 1251 ,ῥ’-’ἶ

165 1281 241 1334 ab
285 1279 410 1347 ipsa
453 1280 666 1333 natura
707 1277 957 1332 hominis
997 1281 1215 1332 statum
1258 1276 1433 1347 capit.
1475 1277 1658 1331 Homo
1702 1279 2058 1335 naturaliter
2097 1295 2241 1338 suae
2281 1282 2410 1339 feli·
2488 1327 2490 1329 .
2543 1274 2581 1319 ν’

165 1369 331 1422 citati
374 1368 596 1422 studet:
643 1367 779 1420 inde
821 1367 1198 1436 prosequitur
1227 1381 1358 1420 cum
1402 1365 1602 1435 primis
1642 1366 1947 1422 sensibilia
1986 1370 2047 1424 et
2085 1371 2409 1440 corporalia

169 1458 336 1520 bona,
379 1456 601 1524 refugit
640 1458 837 1510 autem
880 1456 1186 1510 sensibilia
1228 1457 1289 1510 et
1331 1454 1654 1525 corporalia
1683 1456 1860 1520 mala;
1903 1471 2131 1527 nempe,
2161 1444 2406 1531 appetitu,

165 1546 339 1600 Porro
380 1561 598 1608 eorum,
642 1560 792 1615 quae
835 1546 1005 1599 homo
1052 1546 1408 1599 naturaliter
1459 1548 1617 1607 avet,
1667 1550 1772 1600 aut
1825 1546 2065 1615 refugit,
2121 1549 2411 1607 ratio'est

167 1635 493 1689 ordinatrix
520 1634 624 1706 (l):
668 1651 742 1690 ne
785 1635 970 1703 igitur
996 1635 1295 1705 appetitus
1335 1650 1371 1688 a
1411 1634 1641 1689 ratione
1684 1634 1988 1699 desciscat,
2033 1639 2092 1692 et
2135 1637 2252 1694 illis
2278 1638 2414 1710 plus

167 1741 359 1794 aequo
402 1725 727 1791 indulgeat,
770 1726 844 1779 ab
889 1725 976 1779 his
1019 1725 1147 1794 plus
1187 1739 1377 1794 aequo
1405 1724 1683 1796 refugiat,
1715 1723 1880 1779 illinc
1909 1730 2246 1796 temperantia
2273 1729 2413 1785 data
2544 1731 2610 1798 f}

172 1823 282 1877 est,
330 1815 463 1868 binc
491 1815 772 1880 fortitudo.
816 1814 924 1868 Sed
967 1829 1182 1883 neque.
1212 1814 1357 1867 haec
1398 1813 1541 1868 satis
1581 1816 1750 1876 sunt;
1809 1828 1944 1868 nam
1997 1815 2280 1887 quidquid
2321 1817 2414 1873 fa-

171 1903 461 1966 ciendum,
515 1908 618 1958 aut
674 1903 1018 1972 fugiendum
1061 1907 1169 1965 est,
1222 1903 1470 1972 quisque
1520 1902 1732 1966 facere,
1782 1902 1991 1971 fugere
2038 1905 2232 1971 debet,
2275 1921 2411 1963 cum
2481 1890 2618 1967 Ῠῖἷζ

173 1997 420 2063 oportet,
462 1994 558 2047 ubi
602 1995 851 2060 oportet,
895 1994 1068 2060 prout
1108 1996 1336 2061 oportet
1366 1991 1477 2063 (2):
1522 1993 1668 2047 haec
1703 1993 1985 2061 prudentia
2027 1994 2213 2050 docet.
2253 1994 2408 2059 Qua·
2495 1992 2498 1994 ’
2566 2014 2570 2021 ’

172 2083 444 2145 mobrem,
487 2084 674 2136 omnis
706 2082 951 2136 bominis
995 2097 1141 2150 erga
1170 2097 1232 2135 se
1266 2082 1450 2150 ipsum
1494 2082 1779 2149 obligatio
1819 2082 2007 2136 oritur
2048 2099 2179 2138 cum
2207 2085 2411 2155 primis

167 2173 261 2227 vel
306 2188 378 2226 ex
422 2172 830 2241 temperantia,
872 2172 965 2224 vel
1010 2187 1084 2224 ex
1127 2171 1487 2233 fortitudine,
1530 2170 1623 2225 vel
1668 2186 1741 2225 ex
1784 2172 2114 2240 prudentia.
2559 2170 2574 2183 '

914 2368 1062 2420 ΛΚΤ.
1105 2367 1146 2420 Ι.
1188 2369 1266 2421 De
1307 2366 1659 2436 temperantia.

238 2533 327 2587 63.
361 2534 647 2586 Bonorum
677 2531 1043 2585 sensibilium
1073 2528 1245 2600 (quae
1286 2531 1358 2584 ad
1402 2530 1583 2583 vitam
1615 2526 1936 2602 pertinent)
1971 2529 2188 2600 triplex
2213 2545 2408 2600 genus
2491 2510 2496 2543 ³
2551 2579 2568 2600 „

165 2624 273 2677 est.
304 2622 449 2675 Nam
493 2621 778 2689 quaedam
821 2621 892 2674 ad
925 2620 1310 2681 individuum,
1341 2620 1630 2688 quaedam
1661 2619 1734 2673 ad
1765 2619 2022 2687 speciem
2058 2634 2411 2676 conservan·
2486 2649 2498 2662 π
2618 2693 2622 2700 ³

166 2712 317 2773 dam,
343 2710 629 2780 quaedam
653 2724 792 2763 vero
814 2709 886 2763 ad
911 2709 1089 2762 vitam
1118 2709 1495 2762 recreandam
1520 2710 1656 2761 sunt
1677 2708 1962 2762 ordinata.
1980 2708 2142 2770 Quae
2167 2707 2408 2777 proinde

169 2801 393 2855 licitum
435 2803 526 2855 est
568 2799 856 2868 prosequi,
900 2801 959 2852 et
999 2797 1330 2866 appetitum
1361 2811 1592 2866 quoque
1636 2796 1758 2851 suis
1798 2796 2031 2851 actibus
2073 2796 2216 2861 frui-;
2245 2797 2408 2853 dum·

168 2890 331 2943 modo
375 2889 430 2942 id
473 2889 574 2942 fiat
605 2889 780 2956 Juxta
820 2889 1018 2942 rectae
1061 2886 1302 2940 rationis
1345 2885 1612 2954 regulam
1639 2882 1740 2956 (l):
1786 2886 1954 2949 idest,
1986 2886 2042 2940 in
2080 2902 2214 2941 eum
2246 2888 2411 2942 dum·
2530 2930 2600 2962 5„

167 2982 330 3032 taxat
374 2979 549 3033 finem
592 2977 931 3046 proximum,
973 2975 1046 3029 ad
1089 2990 1260 3043 quem
1306 2977 1452 3028 bona
1485 2974 1812 3044 hujusmodi
1842 2975 2112 3029 ordinata
2142 2966 2408 3050 sunt(2).'
2452 2970 2455 2972 “

234 3141 247 3182 ι
287 3138 343 3183 D.
379 3139 484 3191 Th„
517 3141 558 3192 2,
592 3139 635 3190 2,
667 3139 766 3194 151,
799 3137 842 3182 2.

223 3211 252 3254 2
286 3209 342 3254 D.
379 3209 483 3263 Th,
515 3212 547 3262 l,
572 3212 614 3263 2,
646 3211 721 3260 64,
752 3210 766 3252 l
795 3207 860 3254 ad
882 3207 926 3254 2.
949 3208 1015 3252 Et
1038 3206 1132 3253 hoc
1157 3210 1235 3251 est

163 3283 395 3328 medium
423 3281 630 3324 virtutis
653 3278 784 3337 quod
810 3282 1005 3324 vocant.
1027 3277 1234 3335 Nempe,

159 3353 421 3404 rationiS‚·
455 3363 571 3395 nam
608 3350 830 3395 medium
864 3352 944 3396 rei
976 3348 1038 3394 ad
1065 3349 1231 3408 justi·

163 3421 289 3466 tiam
326 3421 558 3479 pertinet.
2494 3463 2607 3482 ι

232 3493 248 3534 l
288 3491 344 3535 D.
381 3491 483 3543 Th„
517 3491 559 3546 2,
594 3490 633 3543 2,
668 3492 760 3542 141,
792 3493 826 3534 l.
1285 3523 1289 3551 1
1342 3487 1414 3532 De
1445 3489 1589 3543 Just„
1612 3488 1686 3542 31,
1718 3490 1791 3541 4>3
1825 3500 1952 3546 opus
1987 3488 2221 3547 conjugii,
2244 3485 2305 3533 ob
2329 3500 2408 3534 so·

223 3565 252 3606 2
279 3562 354 3606 Ex
381 3561 437 3606 D.
458 3560 565 3616 Th„
586 3561 630 3614 2,
653 3561 695 3613 2,
722 3561 874 3613 153,2.
894 3560 1038 3605 Finis
1063 3562 1234 3605 autem
1286 3552 1289 3572 '
1339 3557 1440 3602 lam
1470 3557 1798 3617 voluptatem,
1820 3558 2022 3617 explere
2043 3570 2142 3604 non
2165 3557 2287 3614 licet
2307 3557 2410 3615 (Ιη-
2492 3566 2538 3623 gj·

165 3635 246 3676 est
268 3631 445 3690 regula
468 3644 656 3684 eorum,
681 3644 809 3690 quae
835 3635 954 3676 sunt
980 3631 1042 3676 ad
1068 3631 1237 3676 finem.
1339 3641 1448 3674 noc.
1483 3627 1567 3681 XI,
1600 3628 1669 3685 9);
1705 3629 1892 3688 quippe
1924 3627 2017 3673 hoc
2058 3630 2208 3683 esset,
2242 3626 2409 3674 medio
2488 3629 2536 3650 ·““

163 3701 348 3747 Utrum
381 3715 498 3747 vero
531 3701 776 3754 omnium,
800 3703 851 3745 in
880 3701 973 3747 hac
1007 3703 1126 3755 vita,
1153 3701 1239 3746 de·
1339 3711 1428 3758 pro
1451 3698 1548 3743 fine
1573 3698 1671 3743 uti:
1697 3698 1787 3744 sed
1810 3698 1917 3744 leve
1942 3700 2034 3743 est.
2057 3696 2105 3743 S.
2130 3695 2300 3757 Alph.‚
2322 3695 2408 3754 VI,
2489 3693 2516 3736 ’.

172 3771 484 3817 lectabilium
510 3771 627 3817 finis
651 3772 718 3817 sit
747 3773 1027 3816 necessitas
1055 3771 1239 3830 aliqua,
1342 3769 1448 3816 912.
2503 3760 2510 3767 ’

1339 3148 1403 3179 an
1436 3134 1768 3194 quorumdam
1806 3137 2024 3194 (utputa,
2060 3138 2257 3190 cantus,
2290 3134 2412 3184 odo·

1340 3209 1476 3262 rum)
1491 3205 1805 3264 jucunditas,
1824 3207 2060 3264 voluptas
2081 3206 2157 3263 (V.
2177 3204 2406 3261 Salmat„

1337 3275 1411 3329 25,
1433 3276 1474 3329 2,
1500 3275 1583 3322 41?
1609 3275 1732 3321 Mihi
1758 3276 1851 3322 hoc
1874 3277 2076 3322 videtur
2108 3277 2406 3325 convenien-

1340 3347 1466 3391 tius:
1501 3346 1627 3400 ide0,
1651 3361 1694 3391 v.
1719 3359 1772 3399 c.,
1796 3346 1928 3400 licet,
1956 3346 2017 3392 ob
2049 3347 2209 3393 solam
2233 3345 2400 3394 odoris

1332 3416 1721 3474 jucunditatem,
1756 3417 1929 3463 florem
1974 3416 2183 3463 olfacere
2223 3417 2409 3477 (Lago,
2502 3419 2549 3449 θ’
2615 3426 2622 3434 ’
